% Encoding: windows-1252

@book{bringhurst:2002,
  title     = {{T}he {E}lements of {T}ypographic {S}tyle},
  publisher = {Hartley \& Marks Publishers},
  year      = {2013},
  author    = {Robert Bringhurst},
  series    = {Version 4.0: 20th Anniversary Edition},
  address   = {Point Roberts, WA, USA}
}

@book{cormen:2001,
  title     = {{I}ntroduction to {A}lgorithms},
  publisher = {The MIT Press},
  year      = {2009},
  author    = {Cormen, Thomas H. and Leiserson, Charles E. and Rivest, Ronald L.
               and Clifford Stein},
  address   = {Cambridge, MA, USA},
  edition   = 3
}

@article{knuth:1976,
  author    = {Knuth, Donald E.},
  title     = {{B}ig {O}micron and {B}ig {O}mega and {B}ig {T}heta},
  journal   = {SIGACT News},
  year      = {1976},
  volume    = {8},
  pages     = {18--24},
  number    = {2},
  address   = {New York, NY, USA},
  publisher = {ACM Press}
}

@article{knuth:1974,
  author    = {Knuth, Donald E.},
  title     = {{C}omputer {P}rogramming as an {A}rt},
  journal   = {Communications of the ACM},
  year      = {1974},
  volume    = {17},
  pages     = {667--673},
  number    = {12},
  address   = {New York, NY, USA},
  publisher = {ACM Press}
}

@book{sommerville:1992,
  title     = {{S}oftware {E}ngineering},
  publisher = {Addison-Wesley},
  year      = {2015},
  author    = {Ian Sommerville},
  address   = {Boston, MA, USA},
  edition   = 10
}

@book{feynman:1985,
  title     = {{S}urely {Y}ou're {J}oking, {M}r. {F}eynman: {A}dventures of a {C}urious {C}haracter},
  publisher = {W. W. Norton},
  year      = {1985},
  author    = {Feynman, Richard P.},
  address   = {New York, NY, USA}
}

@Comment{jabref-meta: databaseType:bibtex;}
