
@article{xorll,
  title   = {A Memory-Efficient Doubly Linked List},
  author  = {Prokash Sinha},
  year    = {2004},
  journal = {Linux Journal},
  note    = {\url{http://www.linuxjournal.com/article/6828}},
  volume  = {129}
}


@inproceedings{zipf,
  author    = {L. Breslau and Pei Cao and Li Fan and G. Phillips and S. Shenker},
  booktitle = {In Proceedings of Conference on Computer Communications, {IEEE}
               {INFOCOM} '99},
  title     = {Web caching and {Zipf}-like distributions: evidence and implications},
  year      = {1999},
  volume    = {1},
  number    = {},
  pages     = {126-134},
  doi       = {10.1109/INFCOM.1999.749260},
  issn      = {0743-166X},
  month     = {March}
}

@inproceedings{kv1,
  author    = {Fei Xia and Dejun Jiang and Jin Xiong and Ninghui Sun},
  title     = {{HiKV}: A Hybrid Index Key-Value Store for {DRAM-NVM} Memory Systems},
  booktitle = {2017 {USENIX} Annual Technical Conference ({USENIX} {ATC} 17)},
  year      = {2017},
  isbn      = {978-1-931971-38-6},
  address   = {Santa Clara, CA},
  pages     = {349--362},
  url       = {https://www.usenix.org/conference/atc17/technical-sessions/presentation/xia},
  publisher = {{USENIX} Association}
}

@article{lsmtree,
  author     = {Patrick O'Neil and Edward Cheng and Dieter Gawlick and Elizabeth O'Neil},
  title      = {The Log-structured Merge-tree ({LSM}-tree)},
  journal    = {Acta Informatica},
  issue_date = {1996},
  volume     = {33},
  number     = {4},
  month      = jun,
  year       = {1996},
  issn       = {0001-5903},
  pages      = {351--385},
  numpages   = {35},
  url        = {http://dx.doi.org/10.1007/s002360050048},
  doi        = {10.1007/s002360050048},
  acmid      = {230826},
  publisher  = {Springer-Verlag New York, Inc.},
  address    = {Secaucus, NJ, USA}
} 

@inproceedings{btree,
  author    = {Rudolf Bayer and Edward McCreight},
  title     = {Organization and Maintenance of Large Ordered Indices},
  booktitle = {Proceedings of the 1970 ACM SIGFIDET (Now SIGMOD) Workshop on Data Description, Access and Control},
  series    = {SIGFIDET '70},
  year      = {1970},
  location  = {Houston, Texas},
  pages     = {107--141},
  numpages  = {35},
  url       = {http://doi.acm.org/10.1145/1734663.1734671},
  doi       = {10.1145/1734663.1734671},
  acmid     = {1734671},
  publisher = {ACM},
  address   = {New York, NY, USA}
} 


@book{clrs,
  author    = {Cormen, Thomas H. and Leiserson, Charles E. and Rivest, Ronald L. and Stein, Clifford},
  title     = {Introduction to Algorithms, Third Edition},
  year      = {2009},
  isbn      = {0262033844, 9780262033848},
  edition   = {3rd},
  publisher = {The {MIT} Press}
} 

@inproceedings{rbt,
  author    = {Robert Sedgewick and Leonidas. J. Guibas},
  booktitle = {Proceedings of the 19th Annual Symposium on Foundations of Computer Science ({SFCS} '78)},
  title     = {A dichromatic framework for balanced trees},
  year      = {1978},
  volume    = {00},
  number    = {},
  pages     = {8-21},
  keywords  = {},
  doi       = {10.1109/SFCS.1978.3},
  url       = {doi.ieeecomputersociety.org/10.1109/SFCS.1978.3},
  issn      = {0272-5428},
  month     = {10}
}

@article{Han:cabs,
  author     = {Han, Miseon and Han, Youngsun and Kim, Seon Wook and Lee, Hokyoon and Park, Il},
  title      = {Content-Aware Bit Shuffling for Maximizing {PCM} Endurance},
  journal    = {ACM Transactions on Design Automation of Electronic Systems},
  issue_date = {May 2017},
  volume     = {22},
  number     = {3},
  month      = may,
  year       = {2017},
  issn       = {1084-4309},
  pages      = {48:1--48:26},
  articleno  = {48},
  numpages   = {26},
  url        = {http://doi.acm.org/10.1145/3017445},
  doi        = {10.1145/3017445},
  acmid      = {3017445},
  publisher  = {ACM},
  address    = {New York, NY, USA}
} 

@inproceedings{yang:iscas07,
  author    = {B. D. Yang and J. E. Lee and J. S. Kim and J. Cho and S. Y. Lee and B. G. Yu},
  booktitle = {Proceedings of {IEEE} International Symposium on Circuits and Systems},
  title     = {A Low Power Phase-Change Random Access Memory using a Data-Comparison Write Scheme},
  year      = {2007},
  volume    = {},
  number    = {},
  keywords  = {CMOS memory circuits;low-power electronics;phase change materials;random-access storage;0.5 micron;0.8 micron;1 kbit;CMOS technology;data-comparison write scheme;low power phase-change random access memory;write power consumption;CMOS technology;Circuits;Electric resistance;Energy consumption;Flash memory;Flowcharts;MOS devices;Phase change random access memory;Random access memory;Testing},
  doi       = {10.1109/ISCAS.2007.377981},
  issn      = {0271-4302},
  month     = {May}
}


@inproceedings{sortingnvm,
  author    = {Vamsikrishna, Meduri Venkata
               and Su, Zhan
               and Tan, Kian-Lee},
  title     = {A Write Efficient {PCM}-Aware Sort},
  booktitle = {Proceedings of Database and Expert Systems Applications},
  year      = {2012},
  publisher = {Springer Berlin Heidelberg},
  address   = {Berlin, Heidelberg},
  pages     = {86--100},
  isbn      = {978-3-642-32600-4}
}


@article{Debnath:2016ht,
  author     = {Debnath, Biplob and Haghdoost, Alireza and Kadav, Asim and Khatib, Mohammed G. and Ungureanu, Cristian},
  title      = {Revisiting Hash Table Design for Phase Change Memory},
  journal    = {SIGOPS Operating Systems Review},
  issue_date = {December 2015},
  volume     = {49},
  number     = {2},
  month      = jan,
  year       = {2016},
  issn       = {0163-5980},
  pages      = {18--26},
  numpages   = {9},
  url        = {http://doi.acm.org/10.1145/2883591.2883597},
  doi        = {10.1145/2883591.2883597},
  acmid      = {2883597},
  publisher  = {ACM},
  address    = {New York, NY, USA}
} 


@article{bhandari2012implications,
  title   = {Implications of {CPU} caching on byte-addressable non-volatile memory programming},
  author  = {Bhandari, Kumud and Chakrabarti, Dhruva R and Boehm, Hans-J},
  journal = {Hewlett-Packard, Technical Report HPL-2012-236},
  year    = {2012}
}


@article{wong2010phase,
  title     = {Phase change memory},
  author    = {Wong, H-S Philip and Raoux, Simone and Kim, SangBum and Liang, Jiale and Reifenberg, John P and Rajendran, Bipin and Asheghi, Mehdi and Goodson, Kenneth E},
  journal   = {IEEE},
  volume    = {98},
  number    = {12},
  pages     = {2201--2227},
  year      = {2010},
  publisher = {IEEE}
}

@inproceedings{zhou:isca09:fixed,
  author    = {Zhou, Ping and Zhao, Bo and Yang, Jun and Zhang, Youtao},
  title     = {A durable and energy efficient main memory using phase change memory technology},
  booktitle = {Proceedings of the 36th International Symposium on Computer Architecture},
  year      = {2009},
  pages     = {14--23},
  url       = archive # {zhou-isca09.pdf}
}

@misc{intel3dxpoint,
  title     = {Intel and {M}icron Produce Breakthrough Memory Technology},
  author    = {{Intel Newsroom}},
  year      = {2015},
  publisher = {Intel},
  note      = {\url{http://newsroom.intel.com/news-releases/intel-and-micron-produce-breakthrough-memory-technology/};
               Accessed 2019-01-10}
}

@inproceedings{Jayakumar2014powering,
  author    = {Jayakumar, Hrishikesh and Lee, Kangwoo and Lee, Woo Suk and Raha, Arnab and Kim, Younghyun and Raghunathan, Vijay},
  title     = {Powering the Internet of Things},
  booktitle = {Proceedings of the International Symposium on Low Power Electronics and Design (ISLPED '14)},
  year      = {2014},
  isbn      = {978-1-4503-2975-0},
  location  = {La Jolla, California, {USA}},
  pages     = {375--380},
  numpages  = {6},
  url       = {http://doi.acm.org/10.1145/2627369.2631644},
  doi       = {10.1145/2627369.2631644},
  acmid     = {2631644},
  publisher = {ACM},
  address   = {New York, NY, USA}
} 

@inproceedings{jayakumar2014quickrecall,
  title        = {QuickRecall: A low overhead {HW/SW} approach for enabling computations across power cycles in transiently powered computers},
  author       = {Jayakumar, Hrishikesh and Raha, Arnab and Raghunathan, Vijay},
  booktitle    = {Proceedings of the 27th International Conference on {VLSI} Design and 13th
                  International Conference on Embedded Systems},
  pages        = {330--335},
  year         = {2014},
  organization = {IEEE}
}

@article{sttram,
  author  = {T. Kawahara},
  journal = {IEEE Design and Test of Computers},
  title   = {Scalable Spin-Transfer Torque {RAM} Technology for Normally-Off Computing},
  year    = {2011},
  volume  = {28},
  number  = {1},
  pages   = {52-63},
  doi     = {10.1109/MDT.2010.97},
  issn    = {0740-7475},
  month   = {Jan}
}

@article{fox:2001feram,
  title     = {Current and future ferroelectric nonvolatile memory technology},
  author    = {Fox, GR and Chu, F and Davenport, T},
  journal   = {Journal of Vacuum Science \& Technology {B}: Microelectronics and Nanometer Structures Processing, Measurement, and Phenomena},
  volume    = {19},
  number    = {5},
  pages     = {1967--1971},
  year      = {2001},
  publisher = {AVS}
}




@misc{aslr,
  title  = {Address Space Layout Randomization},
  author = {{{PaX} Team}},
  year   = {2001},
  note   = {\url{https://pax.grsecurity.net/docs/aslr.txt}}
}


@article{wemcoding,
  title     = {Coding for write-efficient memory},
  author    = {Ahlswede, Rudolf and Zhang, Zhen},
  journal   = {Information and computation},
  volume    = {83},
  number    = {1},
  pages     = {80--97},
  year      = {1989},
  publisher = {Elsevier}
}

@inproceedings{jacobvitz2013coset,
  title        = {Coset coding to extend the lifetime of memory},
  author       = {Jacobvitz, Adam N and Calderbank, Robert and Sorin, Daniel J},
  booktitle    = {Proceedings of High Performance Computer Architecture (HPCA '13)},
  pages        = {222--233},
  year         = {2013},
  organization = {IEEE}
}

@article{seyedzadeh2016coset,
  title     = {Improving bit flip reduction for biased and random data},
  author    = {Seyedzadeh, Seyed Mohammad and Maddah, Rakan and Kline, Donald and Jones, Alex K and Melhem, Rami},
  journal   = {{IEEE} Transactions on Computers},
  volume    = {65},
  number    = {11},
  pages     = {3345--3356},
  year      = {2016},
  publisher = {IEEE}
}

@article{gem5,
  author     = {Binkert, Nathan and Beckmann, Bradford and Black, Gabriel and Reinhardt, Steven K. and Saidi, Ali and Basu, Arkaprava and Hestness, Joel and Hower, Derek R. and Krishna, Tushar and Sardashti, Somayeh and Sen, Rathijit and Sewell, Korey and Shoaib, Muhammad and Vaish, Nilay and Hill, Mark D. and Wood, David A.},
  title      = {The {Gem5} Simulator},
  journal    = {SIGARCH Computer Architecture News},
  issue_date = {May 2011},
  volume     = {39},
  number     = {2},
  month      = aug,
  year       = {2011},
  issn       = {0163-5964},
  pages      = {1--7},
  numpages   = {7},
  url        = {http://doi.acm.org/10.1145/2024716.2024718},
  doi        = {10.1145/2024716.2024718},
  acmid      = {2024718},
  publisher  = {ACM},
  address    = {New York, NY, USA}
} 

@misc{gnuplot,
  author       = { Thomas Williams and Colin Kelley and {many others} },
  title        = { Gnuplot 5.2: an interactive plotting program },
  month        = { September },
  year         = { 2018 },
  howpublished = { \url{http://gnuplot.sourceforge.net/} }
} 


@misc{rbt_llh,
  author       = {Eddie Kohler},
  title        = {Left-Leaning Red-Black Trees Considered Harmful},
  note         = {Accessed 2018-09-22},
  howpublished = {\url{http://read.seas.harvard.edu/~kohler/notes/llrb.html}}
}


@article{xiangyu_dong_nvsim:_2012,
  title      = {{NVSim}: a Circuit-Level Performance, Energy, and area Model for Emerging Nonvolatile Memory},
  volume     = {31},
  issn       = {0278-0070, 1937-4151},
  shorttitle = {{NVSim}},
  url        = {http://ieeexplore.ieee.org/document/6218223/},
  doi        = {10.1109/TCAD.2012.2185930},
  number     = {7},
  urldate    = {2018-03-05},
  journal    = {{IEEE} Transactions on Computer-Aided Design of Integrated Circuits and Systems},
  author     = {Xiangyu Dong and Cong Xu and Yuan Xie and Jouppi, N. P.},
  month      = jul,
  year       = {2012},
  file       = {06218223.pdf:/Users/Matt/Zotero/storage/GNCMYAAU/06218223.pdf:application/pdf}
}

@inproceedings{poremba_nvmain:_2012,
  title      = {{NVMain}: {An} {Architectural}-{Level} {Main} {Memory} {Simulator} for {Emerging} {Non}-volatile {Memories}},
  isbn       = {978-1-4673-2234-8 978-0-7695-4767-1},
  shorttitle = {{NVMain}},
  url        = {http://ieeexplore.ieee.org/document/6296505/},
  doi        = {10.1109/ISVLSI.2012.82},
  urldate    = {2018-03-05},
  publisher  = {IEEE},
  author     = {Poremba, Matt and Xie, Yuan},
  month      = aug,
  year       = {2012},
  pages      = {392--397},
  file       = {06296505.pdf:/Users/Matt/Zotero/storage/JEJH86QH/06296505.pdf:application/pdf}
}

@inproceedings{chen_aos:_2016,
  title      = {{AOS}: adaptive overwrite scheme for energy-efficient {MLC} {STT}-{RAM} cache},
  isbn       = {978-1-4503-4236-0},
  shorttitle = {{AOS}},
  url        = {http://dl.acm.org/citation.cfm?doid=2897937.2897987},
  doi        = {10.1145/2897937.2897987},
  language   = {en},
  urldate    = {2018-03-05},
  publisher  = {{ACM} Press},
  author     = {Chen, Xunchao and Khoshavi, Navid and Zhou, Jian and Huang, Dan and DeMara, Ronald F. and Wang, Jun and Wen, Wujie and Chen, Yiran},
  year       = {2016},
  pages      = {1--6},
  file       = {07544411.pdf:/Users/Matt/Zotero/storage/CF5SQKFP/07544411.pdf:application/pdf}
}

@inproceedings{flipnwrite,
  title      = {Flip-{N}-{Write}: a simple deterministic technique to improve {PRAM} write performance, energy and endurance},
  shorttitle = {Flip-{N}-{Write}},
  booktitle  = {Proceedings of the 42nd {Annual} {IEEE}/{ACM} {International} {Symposium} on
                {Microarchitecture} (MICRO)},
  publisher  = {ACM},
  author     = {Cho, Sangyeun and Lee, Hyunjin},
  year       = {2009},
  pages      = {347--357},
  file       = {p347-cho.pdf:/Users/Matt/Zotero/storage/X3CE3HYH/p347-cho.pdf:application/pdf}
}

@inproceedings{lee_architecting_2009,
  title     = {Architecting phase change memory as a scalable dram alternative},
  volume    = {37},
  booktitle = {{ACM} {SIGARCH} {Computer} {Architecture} {News}},
  publisher = {ACM},
  author    = {Lee, Benjamin C. and Ipek, Engin and Mutlu, Onur and Burger, Doug},
  year      = {2009},
  pages     = {2--13},
  file      = {p2-lee.pdf:/Users/Matt/Zotero/storage/QS6WH4S3/p2-lee.pdf:application/pdf}
}

@inproceedings{dhiman_pdram:_2009,
  title      = {{PDRAM}: {A} hybrid {PRAM} and {DRAM} main memory system},
  shorttitle = {{PDRAM}},
  booktitle  = {Proceedings of the 46th IEEE {Design} {Automation} {Conference} ({DAC} '09)},
  publisher  = {IEEE},
  author     = {Dhiman, Gaurav and Ayoub, Raid and Rosing, Tajana},
  year       = {2009},
  pages      = {664--669},
  file       = {05227100.pdf:/Users/Matt/Zotero/storage/EG9Q2JFW/05227100.pdf:application/pdf}
}

@inproceedings{poddar_mesap:_2017,
  title      = {{MeSAP}: {A} fast analytic power model for {DRAM} memories},
  shorttitle = {{MeSAP}},
  booktitle  = {Proceedings of the {Conference} on {Design}, {Automation} \& {Test} in {Europe}},
  publisher  = {European Design and Automation Association},
  author     = {Poddar, Sandeep and Jongerius, Rik and Fiorin, Leandro and Mariani, Giovanni and Dittmann, Gero and Anghel, Andreea and Corporaal, Henk},
  year       = {2017},
  pages      = {49--54},
  file       = {07926957.pdf:/Users/Matt/Zotero/storage/X6NJQIZ3/07926957.pdf:application/pdf}
}

@inproceedings{bonnet_flash_2011,
  title     = {Flash {Device} {Support} for {Database} {Management}.},
  booktitle = {{CIDR}},
  author    = {Bonnet, Philippe and Bouganim, Luc},
  year      = {2011},
  pages     = {1--8},
  file      = {CIDR11_Paper3.pdf:/Users/Matt/Zotero/storage/274A2R8A/CIDR11_Paper3.pdf:application/pdf}
}

@inproceedings{qureshi_scalable_2009,
  title     = {Scalable high performance main memory system using phase-change memory technology},
  booktitle = {Proceedings of the 36th annual international symposium on Computer architecture (ICSA
               '09)},
  author    = {Qureshi, Moinuddin K. and Srinivasan, Vijayalakshmi and Rivers, Jude A.},
  year      = {2009},
  pages     = {24--33}
}

@inproceedings{bedeschi_8mb_2004,
  title     = {An {8MB} demonstrator for high-density 1.8 {V} phase-change memories},
  booktitle = {Symposium on {VLSI} {Circuits} 2004 {Digest} of {Technical} {Papers}},
  publisher = {IEEE},
  author    = {Bedeschi, F. and Resta, C. and Khouri, O. and Buda, E. and Costa, L. and Ferraro, M. and Pellizzer, F. and Ottogalli, F. and Pirovano, A. and Tosi, M.},
  year      = {2004},
  pages     = {442--445},
  file      = {01346644.pdf:/Users/Matt/Zotero/storage/7UKG9T6C/01346644.pdf:application/pdf}
}

@inproceedings{bonnet_flash_2011-1,
  title     = {Flash {Device} {Support} for {Database} {Management}.},
  booktitle = {{CIDR}},
  author    = {Bonnet, Philippe and Bouganim, Luc},
  year      = {2011},
  pages     = {1--8},
  file      = {CIDR11_Paper3.pdf:/Users/Matt/Zotero/storage/EK4UXTZR/CIDR11_Paper3.pdf:application/pdf}
}

@inproceedings{Chen_rethinkingdatabase,
  booktitle = {Proceedings of the 5th Biennial Conference on Innovative Data Systems Research},
  pages     = {21-31},
  author    = {Shimin Chen and Phillip B. Gibbons and Suman Nath},
  title     = {Rethinking Database Algorithms for Phase Change Memory},
  year      = {2011},
  month     = {January},
  url       = {https://www.microsoft.com/en-us/research/publication/rethinking-database-algorithms-for-phase-change-memory/}
}

@inproceedings{qureshi:micro09,
  author    = {Moinuddin K. Qureshi and John Karidis and Michele Franceschini and Vijayalakshmi Srinivasan
               and Luis Lastras and Bulent Abali},
  title     = {Enhancing Lifetime and Security of {PCM}-Based Main Memory with Start-Gap Wear Leveling},
  booktitle = {Proceedings of the 42nd {Annual} {IEEE}/{ACM} {International} {Symposium} on
               {Microarchitecture} (MICRO)},
  year      = {2009}
}

