@STRING{pot     = "" }
@STRING{atc     = "USENIX Annual Technical Conference" }
@STRING{atc     = "{USENIX} ATC" }
@STRING{conext  = " CoNext" }
@STRING{conext  = " {ACM} International Conference on Emerging Networking Experiments and Technologies (CoNEXT)" }
@STRING{esop    = " European Symposium on Programming" }
@STRING{eurosys = "European Conference on Computer Systems" }
@STRING{eurosys = "Eurosys" }
@STRING{hpc     = "ACM/IEEE International Conference for High Performance Computing, Networking, Storage and Analysis" }
@STRING{hpc     = "ACM/IEEE HPC" }
@STRING{iedm    = "IEEE International Electron Devices Meeting" }
@STRING{iedm    = "IEEE IEDM" }
@STRING{imws    = " NSF Workshop Infrastructure for Mobile and Wireless Systems (IMWS)" }
@STRING{nsdi    = "{USENIX} Symposium on Networked Systems Design and Implementation" }
@STRING{nsdi    = "{USENIX} NSDI" }
@STRING{nsdi    = " NSDI" }
@STRING{nsdi    = " {USENIX} Symposium on Networked Systems Design and Implementation (NSDI)" }
@STRING{osdi    = "{USENIX} Symposium on Operating Systems Design and Implementation" }
@STRING{osdi    = "{USENIX} OSDI" }
@STRING{ieee    = "Proc. IEEE" }
@STRING{sigcomm = "ACM SIGCOMM" }
@STRING{sigcomm = " Conference on Applications, Technologies, Architectures, and Protocols for Computer Communication (SIGCOMM)" }
@STRING{sosp    = "ACM Symposium on Operating Systems Principles" }
@STRING{sosp    = "ACM SOSP" }
@STRING{sosr    = "ACM SIGCOMM Symposium on Software Defined Networking Research" }
@STRING{sosr    = "ACM SOSR" }
@STRING{usenix  = " {USENIX} Annual Technical Conference" }
@STRING{vldb    = "Very large data bases" }
@STRING{vldb    = "VLDB" }
@STRING{atc12   = pot # atc }
@STRING{atc14   = pot # atc }
@STRING{atc16   = pot # atc }
@STRING{ccr     = "ACM SIGCOMM Computer Communication Review" }
@STRING{ccr     = "ACM CCR" }
@STRING{conext09= pot # "7th" # conext }
@STRING{conext09= pot # conext }
@STRING{conext10= pot # "8th" # conext }
@STRING{conext11= pot # "9th" # conext }
@STRING{conext14= pot # "12th" # conext }
@STRING{conext14= pot # conext }
@STRING{csur    = " {ACM} Computing Surveys (CSUR)" }
@STRING{ecoop14 = pot # "28th" # ecoop }
@STRING{esop10  = pot # "2010" # esop }
@STRING{eurosys18=pot # eurosys }
@STRING{hpc10   = pot # hpc }
@STRING{iedm09  = pot # iedm }
@STRING{imw     = "IMW" }
@STRING{imws01  = pot # imws }
@STRING{jacm    = "J. ACM" }
@STRING{jncs    = "J. Non-Cryst. Solids" }
@STRING{jvb     = "Journal of Vacuum Science \& Technology B" }
@STRING{jvb     = "J. Vac. Sci. Technol. B" }
@STRING{lncs    = "Lecture Notes in Computer Science" }
@STRING{lncs    = "LNCS" }
@STRING{natm    = "Nature Mater." }
@STRING{netcompute="NetCompute" }
@STRING{nsdi04  = pot # "1st" # nsdi }
@STRING{nsdi06  = pot # "2nd" # nsdi }
@STRING{nsdi06  = pot # "3rd" # nsdi }
@STRING{nsdi07  = pot # "4th" # nsdi }
@STRING{nsdi09  = pot # "6th" # nsdi }
@STRING{nsdi10  = pot # "7th" # nsdi }
@STRING{nsdi11  = pot # nsdi }
@STRING{nsdi11  = pot # "8th" # nsdi }
@STRING{nsdi12  = pot # "9th" # nsdi }
@STRING{nsdi13  = pot # "10th" # nsdi }
@STRING{nsdi14  = pot # nsdi }
@STRING{nsdi14  = pot # "11th" # nsdi }
@STRING{nsdi15  = pot # nsdi }
@STRING{nsdi15  = pot # "12th" # nsdi }
@STRING{nsdi16  = pot # nsdi }
@STRING{nsdi16  = pot # "13th" # nsdi }
@STRING{nsdi17  = pot # nsdi }
@STRING{nsdi17  = pot # "14th" # nsdi }
@STRING{nsdi18  = pot # nsdi }
@STRING{nsdi18  = pot # "15th" # nsdi }
@STRING{osdi04  = pot # osdi }
@STRING{osdi06  = pot # osdi }
@STRING{osdi12  = pot # osdi }
@STRING{osdi16  = pot # osdi }
@STRING{per     = "SIGMETRICS Performance Evaluation Review" }
@STRING{per     = "PER" }
@STRING{poieee  = pot # ieee }
@STRING{prl     = "Physical Review Letters" }
@STRING{prl     = "Phys. Rev. Lett." }
@STRING{sigcomm07=pot # sigcomm }
@STRING{sigcomm10=pot # "2010" # sigcomm }
@STRING{sigcomm15=pot # "2015" # sigcomm }
@STRING{sigcomm16=pot # sigcomm }
@STRING{sigcomm17=pot # sigcomm }
@STRING{sigcomm18=pot # "2018" # sigcomm }
@STRING{sosp11  = pot # sosp }
@STRING{sosp13  = pot # sosp }
@STRING{sosp15  = pot # sosp }
@STRING{sosp17  = pot # sosp }
@STRING{sosr15  = pot # sosr }
@STRING{sosr17  = pot # sosr }
@STRING{tocs    = "ACM TOCS" }
@STRING{usenix00= pot # "2000" # usenix }
@STRING{usenix01= pot # "2001" # usenix }
@STRING{usenix02= pot # "2002" # usenix }
@STRING{usenix03= pot # "2003" # usenix }
@STRING{usenix04= pot # "2004" # usenix }
@STRING{usenix07= pot # "2007" # usenix }
@STRING{usenix09= pot # "2009" # usenix }
@STRING{usenix11= pot # "2011" # usenix }
@STRING{usenix16= pot # "2016" # usenix }
@STRING{usenix17= pot # "2017" # usenix }
@STRING{usenix95= pot # "1995" # usenix }
@STRING{usenix96= pot # "1996" # usenix }
@STRING{usenix97= pot # "1997" # usenix }
@STRING{usenix98= pot # "1998" # usenix }
@STRING{usenix99= pot # "1999" # usenix }
@STRING{vldb07  = pot # vldb }
@STRING{vldb10  = pot # "36th" # vldb }
@STRING{vldbj   = "The {VLDB} Journal" }

@Article{abouzeid09,
  author        = {Abouzeid, Azza and Bajda-Pawlikowski, Kamil and Abadi, Daniel and Silberschatz, Avi and Rasin, Alexander},
  title         = {HadoopDB: An Architectural Hybrid of MapReduce and DBMS Technologies for Analytical Workloads},
  year          = 2009,
  month         = aug,
  journal       = {Proc. VLDB Endow.},
  volume        = 2,
  pages         = {922--933},
  url           = {https://doi.org/10.14778/1687627.1687731},
  issue_date    = {August 2009},
  number        = 1,
  issn          = {2150-8097},
  numpages      = 12
}

@InProceedings{adams-mascots13,
  author        = {Ian Adams and Mark W. Storer and Avani Wildani and Ethan L. Miller and Brian Madden},
  title         = {Validating Storage System Instrumentation},
  year          = 2013,
  month         = aug,
  booktitle     = {Proceedings of the 21st IEEE International Symposium on Modeling, Analysis, and Simulation of Computer and Telecommunication Systems (MASCOTS 2013)}
}

@InProceedings{adams-sc12,
  author        = {Ian Adams and Brian Madden and Joel Frank and Mark W. Storer and Ethan L. Miller and Gene Harano},
  title         = {Usage Behavior of {a} Large-Scale Scientific Archive},
  year          = 2012,
  month         = nov,
  booktitle     = {Proceedings of the 2012 International Conference for High Performance Computing, Networking, Storage and Analysis (SC12)}
}

@Article{adams-tos12,
  author        = {Ian F. Adams and Mark W. Storer and Ethan L. Miller},
  title         = {Analysis of Workload Behavior in Scientific and Historical Long-Term Data Repositories},
  year          = 2012,
  journal       = {ACM Transactions on Storage},
  volume        = 8,
  number        = 2
}

@Article{akinaga2010resistive,
  author        = {H. Akinaga and H. Shima},
  title         = {{Resistive Random Access Memory (ReRAM) Based on Metal Oxides}},
  year          = 2010,
  month         = {Dec},
  journal       = poieee,
  volume        = 98,
  pages         = {2237--2251},
  number        = 12
}

@InProceedings{alizadeh10,
  author        = {Alizadeh, Mohammad and Greenberg, Albert and Maltz, David A. and Padhye, Jitendra and Patel, Parveen and Prabhakar, Balaji and Sengupta, Sudipta and Sridharan, Murari},
  title         = {Data Center TCP (DCTCP)},
  year          = 2010,
  booktitle     = sigcomm10,
  pages         = {63--74},
  url           = {http://doi.acm.org/10.1145/1851182.1851192},
  series        = {SIGCOMM '10},
  numpages      = 12
}

@Book{almasi89,
  author        = {Almasi, G. S. and Gottlieb, A.},
  title         = {Highly Parallel Computing},
  year          = 1989
}

@InProceedings{alvaro-netflix,
  author        = {Alvaro, Peter and Andrus, Kolton and Sanden, Chris and Rosenthal, Casey and Basiri, Ali and Hochstein, Lorin},
  title         = {{Automating Failure Testing Research at Internet Scale}},
  booktitle     = {SoCC '16}
}

@Article{attiya1995,
  author        = {Attiya, Hagit and Bar-Noy, Amotz and Dolev, Danny},
  title         = {{Sharing Memory Robustly in Message-passing Systems}},
  year          = 1995,
  month         = jan,
  journal       = {J. ACM},
  volume        = 42,
  pages         = {124--142},
  issue_date    = {Jan. 1995},
  number        = 1,
  issn          = {0004-5411},
  numpages      = 19
}

@InProceedings{barker-foci19,
  author        = {Austen Barker and Staunton Sample and Yash Gupta and Ana McTaggart and Ethan L. Miller and Darrell D. E. Long},
  title         = {{Artifice}: {A} Deniable Steganographic File System},
  year          = 2019,
  month         = aug,
  booktitle     = {Proceedings of the 9th USENIX Workshop on Free and Open Communications on the Internet (FOCI '19)}
}

@Article{baulier99,
  author        = {Baulier, J. and Bohannon, P. and Gogate, S. and Gupta, C. and Haldar, S.},
  title         = {DataBlitz Storage Manager: Main-memory Database Performance for Critical Applications},
  year          = 1999,
  month         = jun,
  journal       = {SIGMOD Rec.},
  volume        = 28,
  pages         = {519--520},
  url           = {http://doi.acm.org/10.1145/304181.304239},
  issue_date    = {June 1999},
  number        = 2,
  issn          = {0163-5808},
  numpages      = 2
}

@InProceedings{bel-systor18,
  author        = {Oceane Bel and Kenneth Chang and Daniel Bittman and Hiroshi Isozaki and Darrell D. E. Long and Ethan L. Miller},
  title         = {Inkpack: {A} Secure, Data-Exposure Resistant Storage System},
  year          = 2018,
  month         = jun,
  booktitle     = {Proceedings of the 11th ACM International Systems and Storage Conference (SYSTOR 2018)}
}

@InProceedings{belaramani09,
  author        = {Nalini Belaramani and Jiandan Zheng and Amol Nayate and Robert Soul{\'{e}} and Mike Dahlin and Robert Grimm},
  title         = {{PADS}: A Policy Architecture for Distributed Storage Systems},
  year          = 2009,
  month         = apr,
  booktitle     = nsdi09,
  pages         = {59--73},
  url           = {http://www.usenix.org/events/nsdi09/tech/full_papers/belaramani/belaramani.pdf}
}

@InProceedings{birman87,
  author        = {Birman, K. and Joseph, T.},
  title         = {Exploiting Virtual Synchrony in Distributed Systems},
  year          = 1987,
  booktitle     = {Proceedings of the Eleventh ACM Symposium on Operating Systems Principles},
  pages         = {123--138},
  url           = {http://doi.acm.org/10.1145/41457.37515},
  series        = {SOSP '87},
  numpages      = 16
}

@InProceedings{bittman-fast19,
  author        = {Daniel Bittman and Peter Alvaro and Darrell D. E. Long and Ethan L. Miller},
  title         = {Optimizing Systems for Byte-Addressable {NVM} by Reducing Bit Flipping},
  year          = 2019,
  month         = feb,
  booktitle     = {17th USENIX Conference on File and Storage Technologies}
}

@InProceedings{bittman-hotcloud19,
  author        = {Daniel Bittman and Ethan L. Miller and Peter Alvaro},
  title         = {Co-evolving Tracing and Fault Injection with Box of Pain},
  year          = 2019,
  month         = jul,
  booktitle     = {Proceedings of HotCloud '19}
}

@InProceedings{bittman-hotstorage19,
  author        = {Daniel Bittman and Peter Alvaro and Darrell D. E. Long and Ethan L. Miller},
  title         = {{A} Tale of Two Abstractions: The Case for Object Space},
  year          = 2019,
  month         = jul,
  booktitle     = {Proceedings of HotStorage '19}
}

@InProceedings{bittman-nvmsa18,
  author        = {Daniel Bittman and Mathew Gray and Justin Raizes and Sinjoni Mukhopadhyay and Matt Bryson and Peter Alvaro and Darrell D. E. Long and Ethan L. Miller},
  title         = {Designing Data Structures to Minimize Bit Flips on {NVM}},
  year          = 2018,
  month         = aug,
  booktitle     = {The 7th IEEE Non-Volatile Memory Systems and Applications Symposium (NVMSA)}
}

@InProceedings{bittman-plos19,
  author        = {Daniel Bittman and Peter Alvaro and Ethan L. Miller},
  title         = {{A} Persistent Problem: Managing Pointers in {NVM}},
  year          = 2019,
  month         = oct,
  booktitle     = {Proceedings of the 10th Workshop on Programming Languages and Operating Systems (PLOS '19)},
  pages         = {30--37}
}

@TechReport{bittman-ssrctr-17-01,
  author        = {Daniel Bittman and Matt Bryson and Yuanjiang Ni and Arjun Govindjee and Isaak Cherdak and Pankaj Mehra and Darrell D. E. Long and Ethan L. Miller},
  title         = {Twizzler: An Operating System for Next-Generation Memory Hierarchies},
  year          = 2017,
  month         = dec,
  institution   = {University of California, Santa Cruz},
  number        = {UCSC-SSRC-17-01}
}

@Article{bohannon97,
  author        = {P. L. {Bohannon} and R. R. {Rastogi} and A. {Silberschatz} and S. {Sudarshan}},
  title         = {The architecture of the DalÃ­ main memory storage manager},
  year          = 1997,
  month         = {Winter},
  journal       = {Bell Labs Technical Journal},
  volume        = 2,
  pages         = {36--47},
  number        = 1
}

@Article{bosshart13,
  author        = {Bosshart, Pat and Gibb, Glen and Kim, Hun-Seok and Varghese, George and McKeown, Nick and Izzard, Martin and Mujica, Fernando and Horowitz, Mark},
  title         = {{Forwarding Metamorphosis: Fast Programmable Match-action Processing in Hardware for SDN}},
  year          = 2013,
  month         = aug,
  journal       = ccr,
  volume        = 43,
  pages         = {99--110},
  number        = 4
}

@InProceedings{bucek18,
  author        = {Bucek, James and Lange, Klaus-Dieter and v. Kistowski, J\'{o}akim},
  title         = {SPEC CPU2017: Next-Generation Compute Benchmark},
  year          = 2018,
  booktitle     = {Companion of the 2018 ACM/SPEC International Conference on Performance Engineering},
  pages         = {41--42},
  url           = {http://doi.acm.org/10.1145/3185768.3185771},
  series        = {ICPE '18},
  numpages      = 2
}

@Article{burr2014access,
  author        = {Burr, Geoffrey W and Shenoy, Rohit S and Virwani, Kumar and Narayanan, Pritish and Padilla, Alvaro and Kurdi, B{\"u}lent and Hwang, Hyunsang},
  title         = {{Access Devices for 3D Crosspoint Memory}},
  year          = 2014,
  month         = {Jul},
  journal       = jvb,
  volume        = 32,
  number        = 4,
  articleno     = 040802,
  note          = {{art. ID 040802}}
}

@InProceedings{byron-mascots18,
  author        = {James Byron and Darrell D. E. Long and Ethan L. Miller},
  title         = {Using Simulation to Design Scalable and Cost-Efficient Archival Storage Systems},
  year          = 2018,
  month         = sep,
  booktitle     = {Proceedings of the 26th IEEE International Symposium on the Modeling, Analysis, and Simulation of Computer and Telecommunication Systems (MASCOTS 2018)}
}

@InProceedings{clark88,
  author        = {David Clark},
  title         = {The Design Philosophy of the {DARPA} {Internet} {Protocols}},
  year          = 1988,
  month         = aug,
  booktitle     = {Symposium Proceedings on Communications Architectures and Protocols},
  pages         = {106--114}
}

@InProceedings{coburn11,
  author        = {Coburn, Joel and Caulfield, Adrian M. and Akel, Ameen and Grupp, Laura M. and Gupta, Rajesh K. and Jhala, Ranjit and Swanson, Steven},
  title         = {NV-Heaps: Making Persistent Objects Fast and Safe with Next-generation, Non-volatile Memories},
  year          = 2011,
  booktitle     = {Proceedings of the Sixteenth International Conference on Architectural Support for Programming Languages and Operating Systems},
  pages         = {105--118},
  url           = {http://doi.acm.org/10.1145/1950365.1950380},
  series        = {ASPLOS XVI},
  numpages      = 14
}

@Misc{colgan15,
  author        = {Maria Colgan},
  title         = {{{Controlling Access To The In-Memory Column Store Via Hints}}},
  year          = 2015,
  howpublished  = {{\url{https://blogs.oracle.com/optimizer/controlling-access-to-the-in-memory-column-store-via-hints}}}
}

@InProceedings{condit09,
  author        = {Condit, Jeremy and Nightingale, Edmund B. and Frost, Christopher and Ipek, Engin and Lee, Benjamin and Burger, Doug and Coetzee, Derrick},
  title         = {Better I/O Through Byte-addressable, Persistent Memory},
  year          = 2009,
  booktitle     = {Proceedings of the ACM SIGOPS 22Nd Symposium on Operating Systems Principles},
  pages         = {133--146},
  url           = {http://doi.acm.org/10.1145/1629575.1629589},
  series        = {SOSP '09},
  numpages      = 14
}

@InProceedings{cowling12,
  author        = {Cowling, James and Liskov, Barbara},
  title         = {{Granola: Low-overhead Distributed Transaction Coordination}},
  year          = 2012,
  month         = jun,
  booktitle     = atc12,
  pages         = {223--235},
  numpages      = 13
}

@InProceedings{cw:imws01,
  author        = {Antonio Carzaniga and Alexander L. Wolf},
  title         = {Content-based Networking: A New Communication Infrastructure},
  year          = 2001,
  month         = oct,
  booktitle     = imws01,
  pages         = {59--68},
  xnumber       = 2538,
  xseries       = {Lecture Notes in Computer Science},
  xaddress      = {Scottsdale, Arizona},
  xpublisher    = {Springer-Verlag}
}

@InProceedings{dahlgren-physical,
  author        = {Dahlgren, Kathryn and LeFevre, Jeff and Shirwadkar, Ashay and Iizawa, Ken and Montana, Aldrin and Alvaro, Peter and Maltzahn, Carlos},
  title         = {{Towards Physical Design Management in Storage Systems}},
  booktitle     = {PDSW '20}
}

@InProceedings{dang15,
  author        = {Dang, Huynh Tu and Sciascia, Daniele and Canini, Marco and Pedone, Fernando and Soul{\'e}, Robert},
  title         = {{NetPaxos: Consensus at Network Speed}},
  year          = 2015,
  month         = jun,
  booktitle     = sosr15,
  pages         = {1--7},
  articleno     = 5,
  numpages      = 7
}

@Article{dang16,
  author        = {Dang, Huynh Tu and Canini, Marco and Pedone, Fernando and Soul{\'e}, Robert},
  title         = {{Paxos Made Switch-y}},
  year          = 2016,
  month         = may,
  journal       = ccr,
  volume        = 46,
  pages         = {18--24},
  number        = 2
}

@InProceedings{dang17,
  author        = {Huynh Tu Dang and Han Wang and Theo Jepsen and Gordon Brebner and Changhoon Kim and Jennifer Rexford and Robert Soul\'{e} and Weatherspoon},
  title         = {{Whippersnapper: A P4 Language Benchmark Suite}},
  year          = 2017,
  month         = apr,
  booktitle     = sosr17
}

@InProceedings{dang18,
  author        = {H. T. {Dang} and J. {Hofmann} and Y. {Liu} and M. {Radi} and D. {Vucinic} and R. {SoulÃ©} and F. {Pedone}},
  title         = {Consensus for Non-volatile Main Memory},
  year          = 2018,
  month         = sep,
  booktitle     = {2018 IEEE 26th International Conference on Network Protocols (ICNP)},
  pages         = {406--411},
  issn          = {1092-1648}
}

@ARTICLE{dang20,
  author={H. T. {Dang} and P. {Bressana} and H. {Wang} and K. S. {Lee} and N. {Zilberman} and H. {Weatherspoon} and M. {Canini} and F. {Pedone} and R. {SoulÃ©}},
  journal={IEEE/ACM Transactions on Networking}, 
  title={P4xos: Consensus as a Network Service}, 
  year={2020},
  volume={28},
  number={4},
  pages={1726-1738},
  doi={10.1109/TNET.2020.2992106}}


@Misc{dax,
  title         = {{{DAX - Direct Access, for persistent memory storage}}},
  year          = 2015,
  key           = {DAX - Direct Access, for persistent memory storage},
  howpublished  = {{\url{https://kernelnewbies.org/Linux_4.0}}}
}

@Article{do-programmable,
  author        = {Do, Jaeyoung and Sengupta, Sudipta and Swanson, Steven},
  title         = {Programmable Solid-State Storage in Future Cloud Datacenters},
  year          = 2019,
  journal       = {Communications of the {ACM}},
  volume        = 62,
  number        = 6
}

@Misc{dpdk,
  title         = {{{DPDK}}},
  key           = {DPDK},
  howpublished  = {{\url{http://dpdk.org/}}}
}

@InProceedings{dragojevic14,
  author        = {Dragojevi\'{c}, Aleksandar and Narayanan, Dushyanth and Hodson, Orion and Castro, Miguel},
  title         = {{FaRM: Fast Remote Memory}},
  year          = 2014,
  month         = apr,
  booktitle     = nsdi14,
  pages         = {401--414}
}

@InProceedings{dulloor14,
  author        = {Dulloor, Subramanya R. and Kumar, Sanjay and Keshavamurthy, Anil and Lantz, Philip and Reddy, Dheeraj and Sankaran, Rajesh and Jackson, Jeff},
  title         = {System Software for Persistent Memory},
  year          = 2014,
  booktitle     = {Proceedings of the Ninth European Conference on Computer Systems},
  pages         = {15:1--15:15},
  url           = {http://doi.acm.org/10.1145/2592798.2592814},
  series        = {EuroSys '14},
  articleno     = 15,
  numpages      = 15
}

@InProceedings{eggers89,
  author        = {Eggers, S. J. and Katz, R. H.},
  title         = {Evaluating the Performance of Four Snooping Cache Coherency Protocols},
  year          = 1989,
  booktitle     = {Proceedings of the 16th Annual International Symposium on Computer Architecture},
  pages         = {2--15},
  url           = {http://doi.acm.org/10.1145/74925.74927},
  series        = {ISCA '89},
  numpages      = 14
}

@InProceedings{eisenman2018reducing,
  author        = {Eisenman, Assaf and Gardner, Darryl and AbdelRahman, Islam and Axboe, Jens and Dong, Siying and Hazelwood, Kim and Petersen, Chris and Cidon, Asaf and Katti, Sachin},
  title         = {{Reducing DRAM Footprint with NVM in Facebook}},
  year          = 2018,
  month         = apr,
  booktitle     = eurosys18,
  pages         = {1--13},
  articleno     = 42,
  numpages      = 13
}

@InProceedings{ekanayake04,
  author        = {Ekanayake, Virantha and Kelly, Clinton and Manohar, Rajit},
  title         = {An Ultra Low-Power Processor for Sensor Networks},
  year          = 2004,
  booktitle     = {Proceedings of the 11th International Conference on Architectural Support for Programming Languages and Operating Systems},
  pages         = {27â€“36},
  url           = {https://doi.org/10.1145/1024393.1024397},
  numpages      = 10,
  series        = {ASPLOS XI}
}

@Misc{ethernet,
  title         = {{Ethernet: The Drive for Convergence}},
  year          = 2010,
  key           = ethernet,
  institution   = {Oracle Corporation},
  howpublished  = {{\url{https://www.oracle.com/assets/ethernet-drive-convergence-wp-172445.pdf}}}
}

@Article{fisher14,
  author        = {Fisher, Darleen},
  title         = {A Look Behind the Future Internet Architectures Efforts},
  year          = 2014,
  month         = jul,
  journal       = ccr,
  volume        = 44,
  pages         = {45--49},
  number        = 3,
  issn          = {0146-4833},
  xurl          = {http://doi.acm.org/10.1145/2656877.2656884}
}

@InProceedings{frank-msst15,
  author        = {Joel Frank and Shayna Frank and Lincoln Thurlow and Thomas Kroeger and Ethan L. Miller and Darrell D. E. Long},
  title         = {Percival: {A} Searchable Secret Split Datastore},
  year          = 2015,
  month         = jun,
  booktitle     = {31st International Conference on Massive Storage Systems and Technologies (MSST2015)}
}

@InProceedings{friedman96,
  author        = {Friedman, Roy and Birman, Ken},
  title         = {{Using Group Communication Technology to Implement a Reliable and Scalable Distributed IN Coprocessor}},
  year          = 1996,
  month         = sep,
  booktitle     = {TINA Conference},
  numpages      = 17
}

@InProceedings{galinanes-dsn18,
  author        = {Vero Estrada Galinanes and Ethan L. Miller and Pascal Felber and Jehan-Fran\c{c}ois P\^{a}ris},
  title         = {Alpha Entanglement Codes: Practical Erasure Codes to Archive Data in Unreliable Environments},
  year          = 2018,
  month         = jun,
  booktitle     = {IEEE/IFIP International Conference on Dependable Systems and Networks}
}

@InProceedings{giceva13,
  author        = {Jana Giceva and Tudor{-}Ioan Salomie and Adrian Sch{\"{u}}pbach and Gustavo Alonso and Timothy Roscoe},
  title         = {{COD:} Database / Operating System Co-Design},
  year          = 2013,
  booktitle     = {{CIDR} 2013, Sixth Biennial Conference on Innovative Data Systems Research, Asilomar, CA, USA, January 6-9, 2013, Online Proceedings},
  url           = {http://cidrdb.org/cidr2013/Papers/CIDR13\_Paper71.pdf}
}

@InProceedings{goldberg74,
  author        = {Goldberg, Robert P. and Hassinger, Robert},
  title         = {The Double Paging Anomaly},
  year          = 1974,
  booktitle     = {Proceedings of the May 6-10, 1974, National Computer Conference and Exposition},
  pages         = {195--199},
  url           = {http://doi.acm.org/10.1145/1500175.1500215},
  series        = {AFIPS '74},
  numpages      = 5
}

@InProceedings{greenan-emsoft06,
  author        = {Kevin M. Greenan and Ethan L. Miller},
  title         = {Reliability Mechanisms for File Systems Using Non-Volatile Memory as a Metadata Store},
  year          = 2006,
  month         = oct,
  booktitle     = {6th ACM \& IEEE Conference on Embedded Software (EMSOFT '06)},
  url           = ssrcpapers # {greenan-emsoft06.pdf},
  organization  = {ACM}
}

@InProceedings{greenan-hotdep07,
  author        = {Kevin M. Greenan and Ethan L. Miller},
  title         = {{PRIMS}: Making {NVRAM} Suitable for Extremely Reliable Storage},
  year          = 2007,
  month         = jun,
  booktitle     = {Proceedings of the Third Workshop on Hot Topics in System Dependability (HotDep~'07)},
  url           = ssrcpapers # {greenan-hotdep07.pdf}
}

@InProceedings{guo16,
  author        = {Guo, Chuanxiong and Wu, Haitao and Deng, Zhong and Soni, Gaurav and Ye, Jianxi and Padhye, Jitu and Lipshteyn, Marina},
  title         = {RDMA over Commodity Ethernet at Scale},
  year          = 2016,
  booktitle     = {Proceedings of the 2016 ACM SIGCOMM Conference},
  pages         = {202--215},
  url           = {http://doi.acm.org/10.1145/2934872.2934908},
  series        = {SIGCOMM '16},
  numpages      = 14
}

@InProceedings{gupta-mascots14,
  author        = {Preeti Gupta and Avani Wildani and Daniel Rosenthal and Ethan L. Miller and Ian Adams and Christina Strong and Andy Hospodor},
  title         = {An Economic Perspective of Disk vs. Flash Media in Archival Storage},
  year          = 2014,
  month         = sep,
  booktitle     = {Proceedings of the 22th IEEE International Symposium on Modeling, Analysis, and Simulation of Computer and Telecommunication Systems (MASCOTS 2014)}
}

@InProceedings{gupta-msst16,
  author        = {Avani Wildani and David S.H. Rosenthal and Ethan L. Miller and Darrell D. E. Long and Preeti Gupta},
  title         = {Effects of Prolonged Media Usage and Long-term Planning on Archival Systems},
  year          = 2016,
  month         = may,
  booktitle     = {32nd International Conference on Massive Storage Systems and Technologies (MSST2016), May 2016}
}

@InProceedings{guzdial12,
  author        = {Mark Guzdial},
  title         = {"Why Isn't There More Computer Science in U.S. High Schools?"},
  year          = 2012,
  booktitle     = {Communications of the ACM},
  url           = {https://cacm.acm.org/blogs/blog-cacm/156531-why-isnt-there-more-computer-science-in-u-s-high-schools/fulltext}
}

@InProceedings{handley17,
  author        = {Handley, Mark and Raiciu, Costin and Agache, Alexandru and Voinescu, Andrei and Moore, Andrew W. and Antichi, Gianni and W\'{o}jcik, Marcin},
  title         = {Re-architecting Datacenter Networks and Stacks for Low Latency and High Performance},
  year          = 2017,
  booktitle     = {Proceedings of the Conference of the ACM Special Interest Group on Data Communication},
  pages         = {29--42},
  url           = {http://doi.acm.org/10.1145/3098822.3098825},
  series        = sigcomm17,
  numpages      = 14
}

@Article{hirzel13,
  author        = {Martin Hirzel and Henrique Andrade and Bu{\u{g}}ra Gedik and Gabriela Jacques-Silva and Rohit Khandekar and Vibhore Kumar and Mark Mendell and Howard Nasgaard and Scott Schneider
                  and Robert Soul{\'{e}} and Kun-Lung Wu},
  title         = {{IBM Streams Processing Language: Analyzing Big Data in Motion}},
  year          = 2013,
  month         = may,
  journal       = {IBM Journal of Research and Development},
  volume        = 57,
  pages         = {7:1--7:11},
  url           = {http://dx.doi.org/10.1147/JRD.2013.2243535},
  number        = {3/4}
}

@Article{hirzel14,
  author        = {Hirzel, Martin and Soul{\'e}, Robert and Schneider, Scott and Gedik, Bu\u{g}ra and Grimm, Robert},
  title         = {A Catalog of Stream Processing Optimizations},
  year          = 2014,
  month         = mar,
  journal       = csur,
  volume        = 46,
  pages         = {46:1--46:34},
  url           = {http://doi.acm.org/10.1145/2528412},
  number        = 4,
  articleno     = 46,
  numpages      = 34
}

@Misc{hmat,
  title         = {{{Advanced Configuration and Power Interface Specification}}},
  year          = 2017,
  key           = {ACPI Specification},
  howpublished  = {{\url{https://uefi.org/sites/default/files/resources/ACPI_6_2.pdf}}}
}

@InProceedings{honicky-ipdps03,
  author        = {R. J. Honicky and Ethan L. Miller},
  title         = {A Fast Algorithm for Online Placement and Reorganization of Replicated Data},
  year          = 2003,
  month         = apr,
  booktitle     = {Proceedings of the 17th International Parallel \& Distributed Processing Symposium (IPDPS 2003)},
  url           = ssrc # {~elm/Papers/ipdps03.pdf}
}

@InProceedings{honicky-ipdps04,
  author        = {R. J. Honicky and Ethan L. Miller},
  title         = {Replication Under Scalable Hashing: A Family of Algorithms for Scalable Decentralized Data Distribution},
  year          = 2004,
  month         = apr,
  booktitle     = {Proceedings of the 18th International Parallel \& Distributed Processing Symposium (IPDPS 2004)},
  url           = ssrcpapers # {honicky-ipdps04.pdf},
  organization  = {IEEE}
}

@Misc{int,
  title         = {Inband Network Telemetry (INT)},
  year          = 2017,
  key           = {Inband Network Telemetry},
  howpublished  = {\url{https://github.com/p4lang/p4factory/tree/master/apps/int}}
}

@Misc{interlaken,
  title         = {{Interlaken Protocol Definition}},
  year          = 2008,
  key           = interlaken,
  howpublished  = {{\url{http://www.interlakenalliance.com/Interlaken_Protocol_Definition_v1.2.pdf}}}
}

@InProceedings{istvan16,
  author        = {Istv\'{a}n, Zsolt and Sidler, David and Alonso, Gustavo and Vukolic, Marko},
  title         = {{Consensus in a Box: Inexpensive Coordination in Hardware}},
  year          = 2016,
  month         = mar,
  booktitle     = nsdi16,
  pages         = {425--438}
}

@Article{izraelevitz19,
  author        = {Joseph Izraelevitz and Jian Yang and Lu Zhang and Juno Kim and Xiao Liu and Amirsaman Memaripour and Yun Joon Soh and Zixuan Wang and Yi Xu and Subramanya R. Dulloor and Jishen Zhao
                  and Steven Swanson},
  title         = {Basic Performance Measurements of the Intel Optane {DC} Persistent Memory Module},
  year          = 2019,
  journal       = {CoRR},
  volume        = {abs/1903.05714},
  url           = {http://arxiv.org/abs/1903.05714},
  archiveprefix = {arXiv},
  eprint        = {1903.05714},
  timestamp     = {Sun, 31 Mar 2019 19:01:24 +0200},
  biburl        = {https://dblp.org/rec/bib/journals/corr/abs-1903-05714},
  bibsource     = {dblp computer science bibliography, https://dblp.org}
}

@InProceedings{jacobson09,
  author        = {Jacobson, Van and Smetters, Diana K. and Thornton, James D. and Plass, Michael F. and Briggs, Nicholas H. and Braynard, Rebecca L.},
  title         = {Networking Named Content},
  year          = 2009,
  month         = dec,
  booktitle     = conext09,
  pages         = {1--12},
  numpages      = 12,
  xurl          = {http://doi.acm.org/10.1145/1658939.1658941}
}

@InProceedings{jagadish93,
  author        = {Jagadish, H. V. and Silberschatz, Abraham and Sudarshan, S.},
  title         = {Recovering from Main-Memory Lapses},
  year          = 1993,
  booktitle     = {Proceedings of the 19th International Conference on Very Large Data Bases},
  pages         = {391--404},
  url           = {http://dl.acm.org/citation.cfm?id=645919.672814},
  series        = {VLDB '93},
  numpages      = 14
}

@InProceedings{jepsen18,
  author        = {Theo Jepsen and Leandro Pacheco de Sousa and Masoud Moshref and Fernando Pedone and Robert Soul\'{e}},
  title         = {{Infinite Resources for Optimistic Concurrency Control}},
  year          = 2018,
  month         = aug,
  booktitle     = netcompute,
  numpages      = 6
}

@InProceedings{jepsen18b,
  author        = {Jepsen, Theo and Moshref, Masoud and Carzaniga, Antonio and Foster, Nate and Soul{\'e}, Robert},
  title         = {Life in the Fast Lane: A Line-Rate Linear Road},
  year          = 2018,
  booktitle     = {Proceedings of the 2018 ACM Symposium on SDN Research},
  pages         = {10:1--10:7},
  xurl          = {http://doi.acm.org/10.1145/3185467.3185494}
}

@InProceedings{jepsen18c,
  author        = {Jepsen, Theo and Moshref, Masoud and Carzaniga, Antonio and Foster, Nate and Soul\'{e}, Robert},
  title         = {Packet Subscriptions for Programmable ASICs},
  year          = 2018,
  booktitle     = {Proceedings of the 17th ACM Workshop on Hot Topics in Networks},
  url           = {https://doi.org/10.1145/3286062.3286092}
}

@InProceedings{jepsen19,
  author        = {Jepsen, Theo and Alvarez, Daniel and Foster, Nate and Kim, Changhoon and Lee, Jeongkeun and Moshref, Masoud and Soul{\'e}, Robert},
  title         = {Fast String Searching on PISA},
  year          = 2019,
  booktitle     = {Proceedings of the 2019 ACM Symposium on SDN Research},
  pages         = {21--28},
  url           = {http://doi.acm.org/10.1145/3314148.3314356},
  series        = {SOSR '19},
  numpages      = 8
}

@InProceedings{jepsen20,
  author        = {Jepsen, Theo and Moshref, Masoud and Carzaniga, Antonio and Foster, Nate and Soul\'{e}, Robert},
  title         = {Forwarding and Routing with Packet Subscriptions},
  year          = 2020,
  booktitle     = {Proceedings of the 16th International Conference on Emerging Networking EXperiments and Technologies (CoNEXT)}
}

@InProceedings{jin17,
  author        = {Xin Jin and Xiaozhou Li and Haoyu Zhang and Robert Soul\'{e} and Jeongkeun Lee and Nate Foster and Changhoon Kim and Ion Stoica},
  title         = {{NetCache: Balancing Key-Value Stores with Fast In-Network Caching}},
  year          = 2017,
  month         = oct,
  booktitle     = sosp17
}

@InProceedings{jin18,
  author        = {Xin Jin and Xiaozhou Li and Haoyu Zhang and Nate Foster and Jeongkeun Lee and Robert Soul{\'{e}} and Changhoon Kim and Ion Stoica},
  title         = {{NetChain: Scale-Free Sub-RTT Coordination}},
  year          = 2018,
  month         = apr,
  booktitle     = nsdi18,
  pages         = {35--49}
}

@InProceedings{jones-msst15,
  author        = {Stephanie Jones and Ahmed Amer and Ethan L. Miller and Darrell D. E. Long and Rekha Pitchumani and Christina Strong},
  title         = {Classifying Data to Reduce Long Term Data Movement in Shingled Write Disks},
  year          = 2015,
  month         = jun,
  booktitle     = {Proceedings of the 31st International Conference on Massive Storage Systems and Technology (MSST 2015)}
}

@Article{jones-tos16,
  author        = {Stephanie Jones and Ahmed Amer and Ethan L. Miller and Darrell D. E. Long and Rekha Pitchumani and Christina Strong},
  title         = {Classifying Data to Reduce Long-Term Data Movement in Shingled Write Disks},
  year          = 2016,
  month         = feb,
  journal       = {ACM Transactions on Storage},
  volume        = 12,
  number        = 1
}

@InProceedings{jose15,
  author        = {Jose, Lavanya and Yan, Lisa and Varghese, George and McKeown, Nick},
  title         = {{Compiling Packet Programs to Reconfigurable Switches}},
  year          = 2015,
  month         = may,
  booktitle     = nsdi15,
  pages         = {103--115}
}

@InProceedings{jose15b,
  author        = {Jose, Lavanya and Yan, Lisa and Alizadeh, Mohammad and Varghese, George and McKeown, Nick and Katti, Sachin},
  title         = {{High Speed Networks Need Proactive Congestion Control}},
  year          = 2015,
  month         = nov,
  booktitle     = hotnet14
}

@InProceedings{kamala-growing,
  author        = {Kamala Ramasubramanian and Kathryn Dahlgren and Asha Karim and Sanjana Maiya and Sarah Borland and Boaz Leskes and Peter Alvaro},
  title         = {{Growing a protocol}},
  booktitle     = {HotCloud '17)}
}

@InProceedings{kang-emsoft09,
  author        = {Yangwook Kang and Ethan L. Miller},
  title         = {Adding Aggressive Error Correction to a High-Performance Compressing Flash File System},
  year          = 2009,
  month         = oct,
  booktitle     = {9th ACM \& IEEE Conference on Embedded Software (EMSOFT '09)},
  url           = ssrcpapers # {kang-emsoft09.pdf}
}

@InProceedings{kang-msst11,
  author        = {Yangwook Kang and Jingpei Yang and Ethan L. Miller},
  title         = {Object-based {SCM}: An Efficient Interface for Storage Class Memories},
  year          = 2011,
  month         = may,
  booktitle     = {Proceedings of the 27th IEEE Conference on Mass Storage Systems and Technologies},
  url           = ssrcpapers # {kang-msst11.pdf}
}

@InProceedings{kang-msst13,
  author        = {Yangwook Kang and Yang-suk Kee and Ethan L. Miller and Chanik Park},
  title         = {{Enabling Cost-effective Data Processing with Smart SSD}},
  year          = 2013,
  month         = may,
  booktitle     = {Proceedings of the 29th IEEE Conference on Mass Storage Systems and Technologies}
}

@InProceedings{kang-systor14,
  author        = {Yangwook Kang and Thomas Marlette and Ethan L. Miller and Rekha Pitchumani},
  title         = {Muninn: {a} Versioning Key-Value Store using Object-based Storage Model},
  year          = 2014,
  month         = jun,
  booktitle     = {Proceedings of the 7th International Systems and Storage Conference (SYSTORâ€™14)}
}

@Article{katine2000current,
  author        = {Katine, J. A. and Albert, F. J. and Buhrman, R. A. and Myers, E. B. and Ralph, D. C.},
  title         = {{Current-Driven Magnetization Reversal and Spin-Wave Excitations in Co $/$Cu $/$Co Pillars}},
  year          = 2000,
  month         = {Apr},
  journal       = prl,
  volume        = 84,
  pages         = {3149--3152},
  issue         = 14,
  numpages      = 4
}

@InProceedings{kau2009stackable,
  author        = {Kau, DerChang and Tang, Stephen and Karpov, Ilya V and Dodge, Rick and Klehn, Brett and Kalb, Johannes A and Strand, Jonathan and Diaz, Aleshandre and Leung, Nelson and Wu, Jack and
                  others},
  title         = {{A Stackable Cross Point Phase Change Memory}},
  year          = 2009,
  month         = dec,
  booktitle     = iedm09,
  pages         = {1--4}
}

@Article{keeton-disks,
  author        = {Kimberly Keeton and David A. Patterson and Joseph M. Hellerstein},
  title         = {{A Case for Intelligent Disks (IDISKs)}},
  journal       = {{SIGMOD} Rec.},
  volume        = 27,
  number        = 3
}

@InProceedings{koponen07,
  author        = {Koponen, Teemu and Chawla, Mohit and Chun, Byung-Gon and Ermolinskiy, Andrey and Kim, Kye Hyun and Shenker, Scott and Stoica, Ion},
  title         = {{A Data-oriented (and Beyond) Network Architecture}},
  year          = 2007,
  month         = aug,
  booktitle     = sigcomm07,
  pages         = {181--192},
  xurl          = {http://doi.acm.org/10.1145/1282427.1282402}
}

@Article{kufeldt-eusocial,
  author        = {Kufeldt, Philip},
  title         = {Eusocial Storage Devices: Offloading Data Management to Storage Devices that Can Act Collectively},
  year          = 2018,
  journal       = {;login:, The USENIX magazine},
  volume        = 43,
  number        = 2
}

@InProceedings{kumar18,
  author        = {Kumar, Praveen and Yu, Chris and Yuan, Yang and Foster, Nate and Kleinberg, Robert and Soul{\'e}, Robert},
  title         = {YATES: Rapid Prototyping for Traffic Engineering Systems},
  year          = 2018,
  booktitle     = {Proceedings of the Symposium on SDN Research},
  pages         = {11:1--11:7},
  url           = {http://doi.acm.org/10.1145/3185467.3185498},
  series        = {SOSR '18},
  articleno     = 11,
  numpages      = 7
}

@InProceedings{kumar18-smore,
  author        = {Praveen Kumar and Yang Yuan and Chris Yu and Nate Foster and Robert Kleinberg and Petr Lapukhov and Chiun Lin Lim and Robert Soul{\'e}},
  title         = {Semi-Oblivious Traffic Engineering: The Road Not Taken},
  year          = 2018,
  booktitle     = {15th {USENIX} Symposium on Networked Systems Design and Implementation ({NSDI} 18)},
  pages         = {157--170},
  url           = {https://www.usenix.org/conference/nsdi18/presentation/kumar}
}

@InProceedings{kumar18-yates,
  author        = {Kumar, Praveen and Yu, Chris and Yuan, Yang and Foster, Nate and Kleinberg, Robert and Soul{\'e}, Robert},
  title         = {YATES: Rapid Prototyping for Traffic Engineering Systems},
  year          = 2018,
  booktitle     = {Proceedings of the Symposium on SDN Research},
  pages         = {11:1--11:7},
  url           = {http://doi.acm.org/10.1145/3185467.3185498},
  series        = {SOSR '18},
  articleno     = 11,
  numpages      = 7
}

@InProceedings{kuskin94,
  author        = {Kuskin, J. and Ofelt, D. and Heinrich, M. and Heinlein, J. and Simoni, R. and Gharachorloo, K. and Chapin, J. and Nakahira, D. and Baxter, J. and Horowitz, M. and et al.},
  title         = {The Stanford FLASH Multiprocessor},
  year          = 1994,
  booktitle     = {Proceedings of the 21st Annual International Symposium on Computer Architecture},
  pages         = {302-313},
  url           = {https://doi.org/10.1145/191995.192056},
  numpages      = 12,
  series        = {ISCA '94}
}

@InProceedings{lai-dac17,
  author        = {Jishen Zhao and Chia-Lin Yang and Chun-Hao Lai},
  title         = {Leave the Cache Hierarchy Operation as It Is: {A} New Persistent Memory Accelerating Approach},
  year          = 2017,
  month         = jun,
  booktitle     = {Design Automation Conference (DAC)}
}

@Article{lamport98,
  author        = {Lamport, Leslie},
  title         = {{The Part-time Parliament}},
  year          = 1998,
  month         = may,
  journal       = tocs,
  volume        = 16,
  pages         = {133--169},
  number        = 2
}

@InProceedings{lenoski98,
  author        = {Lenoski, Daniel and Laudon, James and Joe, Truman and Nakahira, David and Stevens, Luis and Gupta, Anoop and Hennessy, John},
  title         = {The DASH Prototype: Implementation and Performance},
  year          = 1998,
  booktitle     = {25 Years of the International Symposia on Computer Architecture (Selected Papers)},
  pages         = {418--429},
  url           = {http://doi.acm.org/10.1145/285930.286001},
  series        = {ISCA '98},
  numpages      = 12
}

@InProceedings{li-fast13,
  author        = {Yan Li and Nakul Dhotre and Yasuhiro Ohara and Thomas Kroeger and Ethan L. Miller and Darrell D. E. Long},
  title         = {Horus: Fine-Grained Encryption-Based Security for Large-Scale Storage},
  year          = 2013,
  month         = feb,
  booktitle     = {Proceedings of the 11th Conference on File and Storage Systems (FAST 2013)}
}

@InProceedings{li-mascots14,
  author        = {Yan Li and Darrell D. E. Long},
  title         = {Which Storage Device is the Greenest? Modeling the Energy Cost of I/O Workloads},
  year          = 2014,
  month         = sep,
  booktitle     = {22nd IEEE International Symposium on Modeling, Analysis, and Simulation of Computer and Telecommunication Systems (MASCOTS 2014)}
}

@InProceedings{li-mascots16,
  author        = {Yan Li and Yash Gupta and Ethan L. Miller and Darrell D. E. Long},
  title         = {Pilot: {A} Framework that Understands How to Do Performance Benchmarks The Right Way},
  year          = 2016,
  month         = sep,
  booktitle     = {Proceedings of the 24th IEEE International Symposium on Modeling, Analysis, and Simulation of Computer and Telecommunication Systems (MASCOTS 2016)}
}

@InProceedings{li-msst15,
  author        = {Yan Li and Xiaoyuan Lu and Ethan L. Miller and Darrell D. E. Long},
  title         = {ASCAR: Automating Contention Management for High-Performance Storage Systems},
  year          = 2015,
  month         = jun,
  booktitle     = {31st International Conference on Massive Storage Systems and Technologies (MSST2015)}
}

@InProceedings{li-sc17,
  author        = {Yan Li and Oceane Bel and Kenneth Chang and Ethan L. Miller and Darrell D. E. Long},
  title         = {CAPES: Unsupervised Storage Performance Tuning Using Neural Network-Based Deep Reinforcement Learning},
  year          = 2017,
  month         = nov,
  booktitle     = {Supercomputing '17}
}

@InProceedings{li16,
  author        = {Li, Jialin and Michael, Ellis and Sharma, Naveen Kr. and Szekeres, Adriana and Ports, Dan R. K.},
  title         = {{Just Say No to Paxos Overhead: Replacing Consensus with Network Ordering}},
  year          = 2016,
  month         = nov,
  booktitle     = osdi16,
  pages         = {467--483}
}

@InProceedings{li2017eris,
  author        = {Li, Jialin and Michael, Ellis and Ports, Dan RK},
  title         = {{Eris: Coordination-Free Consistent Transactions Using In-Network Concurrency Control}},
  year          = 2017,
  month         = oct,
  booktitle     = sosp17,
  pages         = {104--120}
}

@InProceedings{liu-cooldc16,
  author        = {Xiao Liu and Qing Yi and Jishen Zhao},
  title         = {Using Memory-style Storage to Support Fault Tolerance in Data Centers},
  year          = 2016,
  month         = mar,
  booktitle     = {Proceedings of the USENIX Workshop on Cool Topics in Sustainable Data Centers (CoolDC'16)}
}

@InProceedings{liu18,
  author        = {Liu, Jed and Hallahan, William and Schlesinger, Cole and Sharif, Milad and Lee, Jeongkeun and Soul\'{e}, Robert and Wang, Han and Caundefinedcaval, Cundefinedlin and McKeown, Nick
                  and Foster, Nate},
  title         = {P4v: Practical Verification for Programmable Data Planes},
  year          = 2018,
  booktitle     = {Proceedings of the 2018 Conference of the ACM Special Interest Group on Data Communication},
  pages         = {490â€“503},
  url           = {https://doi.org/10.1145/3230543.3230582},
  numpages      = 14,
  series        = {SIGCOMM â€™18}
}

@Article{loke2012breaking,
  author        = {Loke, D and Lee, TH and Wang, WJ and Shi, LP and Zhao, R and Yeo, YC and Chong, TC and Elliott, SR},
  title         = {{Breaking The Speed Limits of Phase-Change Memory}},
  year          = 2012,
  month         = nov,
  journal       = {Science},
  volume        = 336,
  pages         = {1566--1569},
  number        = 6088
}

@Article{lopez-revistaieee15,
  author        = {Nicolas Lopez and Matias Rodriguez and Catalina Fellegi and Darrell D. E. Long and Thomas Schwarz},
  title         = {Even or Odd: {A} Simple Graphical Authentication System},
  year          = 2015,
  month         = mar,
  journal       = {Revista IEEE AmÃ©rica Latina},
  volume        = 13,
  number        = 3
}

@InProceedings{madhavapeddy13,
  author        = {Madhavapeddy, Anil and Mortier, Richard and Rotsos, Charalampos and Scott, David and Singh, Balraj and Gazagnaire, Thomas and Smith, Steven and Hand, Steven and Crowcroft, Jon},
  title         = {Unikernels: Library Operating Systems for the Cloud},
  year          = 2013,
  booktitle     = {Proceedings of the Eighteenth International Conference on Architectural Support for Programming Languages and Operating Systems},
  pages         = {461â€“472},
  url           = {https://doi.org/10.1145/2451116.2451167},
  numpages      = 12,
  series        = {ASPLOS â€™13}
}

@InProceedings{manohar19,
  author        = {Rajit Manohar and Robert Soul{\'{e}}},
  title         = {Buffer Sizing Problems in Networks and Asynchronous Circuits: Similarities and Differences},
  year          = 2019,
  month         = dec,
  booktitle     = {{Stanford Workshop on Buffer Sizing}}
}

@Article{mckeown97,
  author        = {McKeown, Nick and Izzard, Martin and Mekkittikul, Adisak and Ellersick, William and Horowitz, Mark},
  title         = {Tiny Tera: A Packet Switch Core},
  year          = 1997,
  month         = jan,
  journal       = {IEEE Micro},
  volume        = 17,
  pages         = {26--33},
  url           = {https://doi.org/10.1109/40.566194},
  issue_date    = {January 1997},
  number        = 1,
  issn          = {0272-1732},
  numpages      = 8
}

@InProceedings{michalakis07,
  author        = {Nikolaos Michalakis and Robert Soul{\'{e}} and Robert Grimm},
  title         = {Ensuring Content Integrity for Untrusted Peer-to-Peer Content Distribution Networks},
  year          = 2007,
  month         = apr,
  booktitle     = nsdi07,
  pages         = {145--158},
  url           = {http://www.usenix.org/events/nsdi07/tech/full_papers/michalakis/michalakis.pdf}
}

@InProceedings{miller-fast02,
  author        = {Ethan L. Miller and Darrell D. E. Long and William E. Freeman and Benjamin C. Reed},
  title         = {Strong Security for Network-Attached Storage},
  year          = 2002,
  month         = jan,
  booktitle     = {Proceedings of the Conference on File and Storage Technologies (FAST '02)},
  pages         = {1--13},
  url           = ssrcpapers # {miller-fast02.pdf}
}

@InProceedings{miller-hotos01,
  author        = {Ethan L. Miller and Scott A. Brandt and Darrell D. E. Long},
  title         = {{HeRMES}: High-Performance Reliable {MRAM}-Enabled Storage},
  year          = 2001,
  month         = may,
  booktitle     = {Proceedings of the 8th IEEE Workshop on Hot Topics in Operating Systems (HotOS '01)},
  pages         = {83--87},
  url           = ssrcpapers # {miller-hotos01.pdf}
}

@Article{miranda-tos14,
  author        = {Alberto Miranda and Sascha Effert and Yangwook Kang and Ethan L. Miller and Ivan Popov and Andre Brinkmann and Tom Friedetzky and Toni Cortes},
  title         = {Random Slicing: Efficient and Scalable Data Placement for Large-scale Storage Systems},
  year          = 2014,
  month         = jul,
  journal       = {ACM Transactions on Storage},
  volume        = 10,
  number        = 3
}

@InProceedings{molly,
  author        = {Alvaro, Peter and Rosen, Joshua and Hellerstein, Joseph M},
  title         = {{Lineage-driven fault injection}},
  booktitle     = {SIGMOD '15}
}

@InProceedings{montazeri18,
  author        = {Montazeri, Behnam and Li, Yilong and Alizadeh, Mohammad and Ousterhout, John},
  title         = {Homa: A Receiver-driven Low-latency Transport Protocol Using Network Priorities},
  year          = 2018,
  booktitle     = {Proceedings of the 2018 Conference of the ACM Special Interest Group on Data Communication},
  pages         = {221--235},
  url           = {http://doi.acm.org/10.1145/3230543.3230564},
  series        = sigcomm18,
  numpages      = 15
}

@InProceedings{moody2010design,
  author        = {A. Moody and G. Bronevetsky and K. Mohror and B. R. d. Supinski},
  title         = {{Design, Modeling, and Evaluation of a Scalable Multi-level Checkpointing System}},
  year          = 2010,
  month         = {Nov},
  booktitle     = hpc10,
  pages         = {1--11}
}

@InProceedings{mu16,
  author        = {Shuai Mu and Lamont Nelson and Wyatt Lloyd and Jinyang Li},
  title         = {Consolidating Concurrency Control and Consensus for Commits under Conflicts},
  year          = 2016,
  booktitle     = {{OSDI}},
  pages         = {517--532}
}

@InProceedings{mukhopadhyay-mascots18,
  author        = {Sinjoni Mukhopadhyay and Joel Frank and Daniel Bittman and Darrell D. E. Long and Ethan L. Miller},
  title         = {Efficient Reconstruction Techniques for Disaster Recovery in Secret-Split Datastores},
  year          = 2018,
  month         = sep,
  booktitle     = {Proceedings of the 26th IEEE International Symposium on the Modeling, Analysis, and Simulation of Computer and Telecommunication Systems (MASCOTS 2018)}
}

@InProceedings{ni-hotstorage18,
  author        = {Yuanjiang Ni and Jishen Zhao and Daniel Bittman and Ethan L. Miller},
  title         = {Reducing {NVM} Writes with Optimized Shadow Paging},
  year          = 2018,
  month         = jul,
  booktitle     = {Proceedings of HotStorage 2018}
}

@InProceedings{ni-micro19,
  author        = {Yuanjiang Ni and Jishen Zhao and Heiner Litz and Daniel Bittman and Ethan L. Miller},
  title         = {{SSP}: Eliminating Redundant Writes in Failure-Atomic {NVRAMs} via Shadow Sub-Paging},
  year          = 2019,
  month         = oct,
  booktitle     = {Proceedings of the 52nd IEEE/ACM International Symposium on Microarchitecture (MICRO-52)}
}

@InProceedings{nordstrom12,
  author        = {Nordstr\"{o}m, Erik and Shue, David and Gopalan, Prem and Kiefer, Robert and Arye, Matvey and Ko, Steven Y. and Rexford, Jennifer and Freedman, Michael J.},
  title         = {Serval: An End-host Stack for Service-centric Networking},
  year          = 2012,
  month         = apr,
  booktitle     = nsdi12,
  xurl          = {http://dl.acm.org/citation.cfm?id=2228298.2228308}
}

@Misc{nvme,
  title         = {{{Intel NVMe with 3D XPoint Technology chart}}},
  year          = 2015,
  key           = {Intel NVMe with 3D XPoint Technology chart},
  howpublished  = {{\url{https://www.tomshardware.com/reviews/intel-micron-3d-xpoint-updates,4286.html#p1}}}
}

@InProceedings{ogleari-hpca18,
  author        = {Matheus Ogleari and Jishen Zhao and Ethan L. Miller},
  title         = {Efficient Hardware-based Undo+Redo Logging for Persistent Memory Systems},
  year          = 2018,
  month         = feb,
  booktitle     = {Proceedings of the 24th IEEE International Symposium on High-Performance Computer Architecture (HPCA 2018)}
}

@InProceedings{ogleari-hpca19,
  author        = {Matheus Ogleari and Ye Yu and Chen Qian and Ethan L. Miller and Jishen Zhao},
  title         = {{String Figure}: {A} Scalable and Elastic Memory Network Architecture},
  year          = 2019,
  month         = feb,
  booktitle     = {Proceedings of the 25th International Symposium on High-Performance Computer Architecture (HPCA 2019)}
}

@InProceedings{oki88,
  author        = {Oki, Brian M. and Liskov, Barbara H.},
  title         = {Viewstamped Replication: A New Primary Copy Method to Support Highly-Available Distributed Systems},
  year          = 1988,
  booktitle     = {Proceedings of the Seventh Annual ACM Symposium on Principles of Distributed Computing},
  pages         = {8--17},
  url           = {http://doi.acm.org/10.1145/62546.62549},
  series        = {PODC '88},
  numpages      = 10
}

@InProceedings{oldenburg-fixed,
  author        = {Lennart Oldenburg and Xiangfeng Zhu and Kamala Ramasubramanian and Peter Alvaro},
  title         = {{Fixed It For You: Protocol Repair Using Lineage Graphs}},
  booktitle     = {CIDR '19}
}

@Misc{OmniXtend,
  title         = {{{OmniXtend cache coherence protocol}}},
  key           = {OmniXtend cache coherence protocol},
  howpublished  = {{\url{https://github.com/chipsalliance/omnixtend}}}
}

@Misc{optane,
  title         = {{IntelÂ® Optane Technology}},
  year          = 2020,
  key           = {IntelÂ® Optane Technology},
  howpublished  = {{\url{https://www.intel.com/content/www/us/en/architecture-and-technology/intel-optane-technology.html}}}
}

@Article{ousterhout15,
  author        = {Ousterhout, John and Gopalan, Arjun and Gupta, Ashish and Kejriwal, Ankita and Lee, Collin and Montazeri, Behnam and Ongaro, Diego and Park, Seo Jin and Qin, Henry and Rosenblum,
                  Mendel and Rumble, Stephen and Stutsman, Ryan and Yang, Stephen},
  title         = {The RAMCloud Storage System},
  year          = 2015,
  month         = aug,
  journal       = {ACM Trans. Comput. Syst.},
  volume        = 33,
  pages         = {7:1--7:55},
  url           = {http://doi.acm.org/10.1145/2806887},
  issue_date    = {September 2015},
  number        = 3,
  issn          = {0734-2071},
  articleno     = 7,
  numpages      = 55
}

@Article{ovshinsky1968reversible,
  author        = {Ovshinsky, Stanford R},
  title         = {{Reversible Electrical Switching Phenomena in Disordered Structures}},
  year          = 1968,
  month         = nov,
  journal       = prl,
  volume        = 21,
  pages         = 1450,
  number        = 20
}

@Misc{p4netfpga,
  title         = {{{P4-NetFPGA}}},
  year          = 2017,
  key           = {P4-NetFPGA},
  howpublished  = {{\url{https://github.com/NetFPGA/P4-NetFPGA-public}}}
}

@InProceedings{padilha16,
  author        = {Ricardo Padilha and Enrique Fynn and Robert Soul\'{e} and Fernando Pedone},
  title         = {{Callinicos: Robust Transactional Storage for Distributed Data Structures}},
  year          = 2016,
  month         = jun,
  booktitle     = atc16
}

@Book{parallel-db,
  author        = { A. R. Hurson, L. L. Miller and S. H. Pakzad. },
  title         = {{Parallel Architectures for Database Systems}},
  year          = 1989
}

@InProceedings{paris-adapt15,
  author        = {Jehan-Fran\c{c}ois P\^{a}ris and Ahmed Amer and Darrell D. E. Long and Thomas Schwarz},
  title         = {Self-Repairing Disk Arrays},
  year          = 2015,
  month         = jan,
  booktitle     = {Proceedings of the Fifth International Workshop on Adaptive Self-tuning Computing Systems (ADAPT)}
}

@InProceedings{paris-prdc14,
  author        = {Jehan-Fran\c{c}ois P\^{a}ris and Ahmed Amer and Darrell D. E. Long and Thomas Schwarz},
  title         = {Protecting {RAID} Arrays Against Unexpectedly High Disk Failure Rates},
  year          = 2014,
  month         = nov,
  booktitle     = {IEEE Pacific Rim International Symposium on Dependable Computing (PRDC'14)}
}

@InProceedings{parkerwood-systor13,
  author        = {Aleatha Parker-Wood and Brian Madden and Michael McThrow and Darrell D. E. Long and Ian Adams and Avani Wildani},
  title         = {Examining Extended and Scientific Metadata for Scalable Index Designs},
  year          = 2013,
  month         = jun,
  booktitle     = {Proceedings of the 6th International Systems and Storage Conference (SYSTOR 2013)}
}

@InProceedings{parkerwood-systor14,
  author        = {Aleatha Parker-Wood and Darrell D. E. Long and Ethan L. Miller and Philippe Rigaux and Andy Isaacson},
  title         = {{A} File By Any Other Name: Managing File Names with Metadata},
  year          = 2014,
  month         = jun,
  booktitle     = {Proceedings of the 7th International Systems and Storage Conference (SYSTOR '14)}
}

@InProceedings{partisan,
  author        = {Meiklejohn, Christopher S. and Miller, Heather and Alvaro, Peter},
  title         = {{Partisan: Scaling the Distributed Actor Runtime}},
  booktitle     = {USENIX ATC â€™19}
}

@Misc{pellizzer2010phase,
  author        = {Pellizzer, Fabio and Pirovano, Agostino},
  title         = {{Phase Change Memory with Ovonic Threshold Switch}},
  year          = 2010,
  month         = mar # {~30},
  nationality   = {U.S},
  number        = 7677830
}

@InProceedings{pitchumani-msst15,
  author        = {Rekha Pitchumani and Shayna Frank and Ethan L. Miller},
  title         = {Realistic Request Arrival Generation In Storage Benchmarks},
  year          = 2015,
  month         = jun,
  booktitle     = {31st International Conference on Massive Storage Systems and Technologies (MSST2015)}
}

@InProceedings{pitchumani-systor15,
  author        = {Rekha Pitchumani and James Hughes and Ethan L. Miller},
  title         = {SMRDB: Key-Value Data Store for Shingled Magnetic Recording Disks},
  year          = 2015,
  month         = may,
  booktitle     = {Proceedings of SYSTOR 2015}
}

@InProceedings{plank-fast13,
  author        = {James Plank and Kevin Greenan and Ethan L. Miller},
  title         = {Screaming Fast Galois Field Arithmetic Using Intel {SIMD} Extensions},
  year          = 2013,
  month         = feb,
  booktitle     = {Proceedings of the 11th Conference on File and Storage Systems (FAST 2013)}
}

@Misc{pmdk,
  title         = {{{PMDK}}},
  key           = {PMDK},
  howpublished  = {{\url{https://pmem.io/pmdk/}}}
}

@InProceedings{ports15,
  author        = {Dan R. K. Ports and Jialin Li and Vincent Liu and Naveen Kr. Sharma and Arvind Krishnamurthy},
  title         = {{Designing Distributed Systems Using Approximate Synchrony in Data Center Networks}},
  year          = 2015,
  month         = may,
  booktitle     = nsdi15,
  pages         = {43--57}
}

@InProceedings{princehouse14,
  author        = {Lonnie Princehouse and Rakesh Chenchu and Zhefu Jiang and Ken Birman and Nate Foster and Robert Soul{\'{e}}},
  title         = {{MiCA: A Compositional Architecture for Gossip Protocols}},
  year          = 2014,
  month         = jul,
  booktitle     = ecoop14,
  pages         = {644--669},
  url           = {http://dx.doi.org/10.1007/978-3-662-44202-9_26}
}

@InProceedings{probert91,
  author        = {D. {Probert} and J. L. {Bruno} and M. {Karaorman}},
  title         = {SPACE: a new approach to operating system abstraction},
  year          = 1991,
  month         = {Oct},
  booktitle     = {Proceedings 1991 International Workshop on Object Orientation in Operating Systems},
  pages         = {133--137},
  issn          = {null}
}

@InProceedings{putnam14,
  author        = {Putnam, Andrew and Caulfield, Adrian and Chung, Eric and Chiou, Derek and Constantinides, Kypros and Demme, John and Esmaeilzadeh, Hadi and Fowers, Jeremy and Gray, Jan and
                  Haselman, Michael and Hauck, Scott and Heil, Stephen and Hormati, Amir and Kim, Joo-Young and Lanka, Sitaram and Peterson, Eric and Smith, Aaron and Thong, Jason and Xiao, Phillip Yi
                  and Burger, Doug and Larus, Jim and Gopal, Gopi Prashanth and Pope, Simon},
  title         = {A Reconfigurable Fabric for Accelerating Large-Scale Datacenter Services},
  year          = 2014,
  month         = jun,
  booktitle     = {Proceeding of the 41st Annual International Symposium on Computer Architecuture (ISCA)},
  pages         = {13--24},
  url           = {https://www.microsoft.com/en-us/research/publication/a-reconfigurable-fabric-for-accelerating-large-scale-datacenter-services/},
  note          = {Selected as an IEEE Micro TopPick}
}

@InProceedings{quelea,
  author        = {Sivaramakrishnan, KC and Kaki, Gowtham and Jagannathan, Suresh},
  title         = {Declarative Programming over Eventually Consistent Data Stores},
  booktitle     = {PLDI â€™15}
}

@InProceedings{rastogi97,
  author        = {Rastogi, Rajeev and Seshadri, S. and Bohannon, Philip and Leinbaugh, Dennis W. and Silberschatz, Abraham and Sudarshan, S.},
  title         = {Logical and Physical Versioning in Main Memory Databases},
  year          = 1997,
  booktitle     = {Proceedings of the 23rd International Conference on Very Large Data Bases},
  pages         = {86--95},
  url           = {http://dl.acm.org/citation.cfm?id=645923.671017},
  series        = {VLDB '97},
  numpages      = 10
}

@InProceedings{ren-micro15,
  author        = {Jinglei Ren and Jishen Zhao and Samira Khan and Jongmoo Choi and Yongwei Wu and Onur Mutlu},
  title         = {ThyNVM: Enabling Software-Transparent Crash Consistency in Persistent Memory Systems},
  year          = 2015,
  month         = dec,
  booktitle     = {Proceedings of the International Symposium on Microarchitecture (MICRO'15)}
}

@Article{saltzer84,
  author        = {J. H. Saltzer and D. P. Reed and D. D. Clark},
  title         = {End-To-End Arguments in System Design},
  year          = 1984,
  month         = nov,
  journal       = tocs,
  volume        = 2,
  pages         = {277--288},
  url           = {http://dx.doi.org/10.1145/357401.357402},
  number        = 4
}

@Article{schneider90,
  author        = {Schneider, F. B.},
  title         = {{Implementing Fault-Tolerant Services Using the State Machine Approach: {A} Tutorial}},
  year          = 1990,
  month         = dec,
  journal       = csur,
  volume        = 22,
  pages         = {299--319},
  issn          = {0360-0300},
  numpages      = 21
}

@Article{schroeder09,
  author        = {Schroeder, Bianca and Pinheiro, Eduardo and Weber, Wolf-Dietrich},
  title         = {{DRAM Errors in the Wild: A Large-scale Field Study}},
  year          = 2009,
  month         = jun,
  journal       = per,
  volume        = 37,
  pages         = {193--204},
  number        = 1,
  numpages      = 12
}

@InProceedings{schwarz-icdcs06,
  author        = {Thomas {Schwarz, S.\,J.} and Ethan L. Miller},
  title         = {Store, Forget, and Check: Using Algebraic Signatures to Check Remotely Administered Storage},
  year          = 2006,
  month         = jul,
  booktitle     = {Proceedings of the 26th International Conference on Distributed Computing Systems (ICDCS '06)},
  url           = ssrcpapers # {schwarz-icdcs06.pdf},
  organization  = {IEEE}
}

@InProceedings{schwarz-mascots16,
  author        = {Thomas Schwarz and Ahmed Amer and Thomas Kroeger and Ethan L. Miller and Darrell D. E. Long and Jehan-Fran\c{c}ois P\^{a}ris},
  title         = {RESAR: Reliable Storage at Exabyte Scale},
  year          = 2016,
  month         = sep,
  booktitle     = {Proceedings of the 24th IEEE International Symposium on Modeling, Analysis, and Simulation of Computer and Telecommunication Systems (MASCOTS 2016)}
}

@InProceedings{servalli200945nm,
  author        = {Servalli, Giorgio},
  title         = {{A 45nm Generation Phase Change Memory Technology}},
  year          = 2009,
  month         = dec,
  booktitle     = iedm09,
  pages         = {1--4}
}

@InProceedings{sevilla-caches,
  author        = {Sevilla, Michael A. and Maltzahn, Carlos and Alvaro, Peter and Nasirigerdeh, Reza and Settlemyer, Bradley W. and Perez, Danny and Rich, David and Shipman, Galen M.},
  title         = {{Programmable Caches with a Data Management Language and Policy Engine}},
  booktitle     = {CCGrid â€™18}
}

@InProceedings{sevilla-cudele,
  author        = {Sevilla, Michael and Jimenez, Ivo and Watkins, Noah and LeFevre, Jeff and Alvaro, Peter and Finkelstein, Shel and Donnelly, Patrick and Maltzahn, Carlos},
  title         = {{Cudele: An API and Framework for Programmable Consistency and Durability in a Global Namespace}},
  booktitle     = {IPDPS '18}
}

@InProceedings{sevilla-malacology,
  author        = {Sevilla, Michael A. and Watkins, Noah and Jimenez, Ivo and Alvaro, Peter and Finkelstein, Shel and LeFevre, Jeff and Maltzahn, Carlos},
  title         = {{Malacology: A Programmable Storage System}},
  booktitle     = {EuroSys â€™17}
}

@InProceedings{sevilla-tintenfisch,
  author        = {Michael A. Sevilla and Reza Nasirigerdeh and Carlos Maltzahn and Jeff LeFevre and Noah Watkins and Peter Alvaro and Margaret Lawson and Jay Lofstead and Jim Pivarski},
  title         = {{Tintenfisch: File System Namespace Schemas and Generators}},
  booktitle     = {HotStorage 18}
}

@Article{shanks1970ovonic,
  author        = {Shanks, Roy R},
  title         = {{Ovonic Threshold Switching Characteristics}},
  year          = 1970,
  month         = jan,
  journal       = jncs,
  volume        = 2,
  pages         = {504--514}
}

@InProceedings{sharma2017,
  author        = {Sharma, Naveen Kr and Kaufmann, Antoine and Anderson, Thomas E and Krishnamurthy, Arvind and Nelson, Jacob and Peter, Simon},
  title         = {{Evaluating the Power of Flexible Packet Processing for Network Resource Allocation}},
  year          = 2017,
  month         = mar,
  booktitle     = nsdi17,
  pages         = {67--82}
}

@Book{silberschatz12,
  author        = {Silberschatz, Abraham and Galvin, Peter B. and Gagne, Greg},
  title         = {Operating System Concepts},
  year          = 2012,
  edition       = {9th}
}

@Book{silberschatz19,
  author        = {Silberschatz, Abraham and Korth, Henry and Sudarshan, S.},
  title         = {Database Systems Concepts},
  year          = 2019,
  edition       = 7
}

@Misc{skylake,
  title         = {{{Intel Skylake}}},
  year          = 2019,
  key           = {Intel Skylake},
  howpublished  = {{\url{https://www.7-cpu.com/cpu/Skylake.html}}}
}

@Misc{snia,
  title         = {SNIA: Computational Storage Special Interest Group},
  year          = 2018,
  url           = {https://www.snia.org/computational}
}

@Book{sorin11,
  author        = {Sorin, Daniel J. and Hill, Mark D. and Wood, David A.},
  title         = {A Primer on Memory Consistency and Cache Coherence},
  year          = 2011,
  edition       = {1st}
}

@InProceedings{soule10,
  author        = {Robert Soul{\'{e}} and Martin Hirzel and Robert Grimm and Bu{\u{g}}ra Gedik and Henrique Andrade and Vibhore Kumar and Kun-Lung Wu},
  title         = {A Universal Calculus for Stream Processing Languages},
  year          = 2010,
  month         = mar,
  booktitle     = esop10,
  volume        = 6012,
  pages         = {507--528},
  url           = {http://dx.doi.org/10.1007/978-3-642-11957-6_27},
  series        = lncs
}

@InProceedings{soule14,
  author        = {Robert Soul\'{e} and Shrutarshi Basu and Parisa Jalili Marandi and Fernando Pedone and Robert Kleinberg and Emin G{\"{u}}n Sirer and Nate Foster},
  title         = {{Merlin: A Language for Provisioning Network Resources}},
  year          = 2014,
  month         = dec,
  booktitle     = conext14,
  url           = {http://doi.acm.org/10.1145/2674005.2674989},
  xpages        = {507--528}
}

@Article{soule16,
  author        = {Robert Soul\'{e} and Bu{\u{g}}ra Gedik},
  title         = {{RailwayDB: Adaptive Storage of Interaction Graphs.}},
  year          = 2016,
  month         = mar,
  journal       = vldbj,
  volume        = 25,
  pages         = {151--169},
  number        = 2
}

@Misc{ssd-eval,
  title         = {{{Evaluation Guide for Client Intel Optane SSDs}}},
  year          = 2018,
  key           = {Evaluation Guide for Client Intel Optane SSDs},
  howpublished  = {{\url{https://www.intel.com/content/www/us/en/support/articles/000025989.html}}}
}

@InProceedings{stonebraker07,
  author        = {Stonebraker, Michael and Madden, Samuel and Abadi, Daniel J. and Harizopoulos, Stavros and Hachem, Nabil and Helland, Pat},
  title         = {{The End of an Architectural Era: (It's Time for a Complete Rewrite)}},
  year          = 2007,
  month         = sep,
  booktitle     = vldb07,
  pages         = {1150--1160}
}

@InProceedings{storer-fast08,
  author        = {Mark W. Storer and Kevin M. Greenan and Ethan L. Miller and Kaladhar Voruganti},
  title         = {{Pergamum}: Replacing Tape with Energy Efficient, Reliable, Disk-Based Archival Storage},
  year          = 2008,
  month         = feb,
  booktitle     = {Proceedings of the 6th USENIX Conference on File and Storage Technologies (FAST '08)},
  url           = ssrcpapers # {storer-fast08.pdf}
}

@InProceedings{storer-storagess08,
  author        = {Mark W. Storer and Kevin M. Greenan and Darrell D. E. Long and Ethan L. Miller},
  title         = {Secure Data Deduplication},
  year          = 2008,
  month         = oct,
  booktitle     = {Proceedings of the 2008 ACM Workshop on Storage Security and Survivability},
  url           = ssrcpapers # {storer-storagess08.pdf}
}

@Article{storer-tos09,
  author        = {Mark W. Storer and Kevin M. Greenan and Ethan L. Miller and Kaladhar Voruganti},
  title         = {{POTSHARDS}---A Secure, Recoverable, Long-Term Archival Storage System},
  year          = 2009,
  month         = jun,
  journal       = {ACM Transactions on Storage},
  volume        = 5,
  url           = ssrcpapers # {storer-tos09.pdf},
  number        = 2
}

@InProceedings{storer-usenix07,
  author        = {Mark W. Storer and Kevin M. Greenan and Ethan L. Miller and Kaladhar Voruganti},
  title         = {{POTSHARDS:} Secure Long-Term Storage Without Encryption},
  year          = 2007,
  month         = jun,
  booktitle     = {Proceedings of the 2007 USENIX Annual Technical Conference},
  pages         = {143--156},
  url           = ssrcpapers # {storer-usenix07.pdf}
}

@Book{storm05,
  author        = {National Academy of Sciences and National Academy of Engineering and Institute of Medicine},
  title         = {Rising Above the Gathering Storm: Energizing and Employing America for a Brighter Economic Future},
  year          = 2007,
  url           = {https://www.nap.edu/catalog/11463/rising-above-the-gathering-storm-energizing-and-employing-america-for}
}

@Book{storm10,
  author        = {National Academy of Sciences and National Academy of Engineering and Institute of Medicine},
  title         = {Rising Above the Gathering Storm, Revisited: Rapidly Approaching Category 5},
  year          = 2010,
  url           = {https://www.nap.edu/catalog/12999/rising-above-the-gathering-storm-revisited-rapidly-approaching-category-5}
}

@InProceedings{sultana17,
  author        = {Nik Sultana and Salvator Galea and David Greaves and Marcin Wojcik and Jonny Shipton and Richard Clegg and Luo Mai and Pietro Bressana and Robert Soul\'{e} and Richard Mortier and
                  Paolo Costa and Peter Pietzuch and Jon Crowcroft and Andrew W. Moore and Noa Zilberman},
  title         = {{Emu: Rapid Prototyping of Networking Services}},
  year          = 2017,
  month         = jul,
  booktitle     = usenix17
}

@InProceedings{sun2017latency,
  author        = {Sun, Chao and Le Moal, Damien and Wang, Qingbo and Mateescu, Robert and Blagojevic, Filip and Lueker-Boden, Martin and Guyot, Cyril and Bandic, Zvonimir and Vucinic, Dejan},
  title         = {{Latency Tails of Byte-Addressable Non-Volatile Memories in Systems}},
  year          = 2017,
  month         = may,
  booktitle     = imw,
  pages         = {1--4},
  organization  = {IEEE}
}

@Misc{tilelink,
  title         = {{SiFive TileLink Specification 1.7.1}},
  year          = 2018,
  key           = tilelink,
  howpublished  = {{\url{https://www.sifive.com/documentation}}}
}

@Misc{tpcc,
  title         = {{TPC-C}},
  year          = 2019,
  key           = tpcc,
  howpublished  = {{\url{http://www.tpc.org/tpcc/default.asp}}}
}

@Misc{tpcds,
  title         = {{TPC-DS}},
  year          = 2019,
  key           = tpcds,
  howpublished  = {{\url{http://www.tpc.org/tpcds/default.asp}}}
}

@Misc{tpch,
  title         = {{TPC-H}},
  year          = 2019,
  key           = tpch,
  howpublished  = {{\url{http://www.tpc.org/tpch/default.asp}}}
}

@Misc{tpcxbb,
  title         = {{TPCx-BB}},
  year          = 2019,
  key           = tpcxbb,
  howpublished  = {{\url{http://www.tpc.org/tpcx-bb/default.asp}}}
}

@InProceedings{vanRenesse04,
  author        = {van Renesse, Robbert and Schneider, Fred B.},
  title         = {{Chain Replication for Supporting High Throughput and Availability}},
  year          = 2004,
  month         = dec,
  booktitle     = osdi04,
  pages         = {7--7},
  numpages      = 1
}

@InProceedings{volos11,
  author        = {Volos, Haris and Tack, Andres Jaan and Swift, Michael M.},
  title         = {Mnemosyne: Lightweight Persistent Memory},
  year          = 2011,
  booktitle     = {Proceedings of the Sixteenth International Conference on Architectural Support for Programming Languages and Operating Systems},
  pages         = {91--104},
  url           = {http://doi.acm.org/10.1145/1950365.1950379},
  series        = {ASPLOS XVI},
  numpages      = 14
}

@TechReport{waldo-note,
  author        = {Jim Waldo and Jim Waldo and Geoff Wyant and Geoff Wyant and Ann Wollrath and Ann Wollrath and Sam Kendall and Sam Kendall},
  title         = {{A Note on Distributed Computing}},
  year          = 1994,
  institution   = {IEEE Micro}
}

@Article{waldspurger02,
  author        = {Waldspurger, Carl A.},
  title         = {Memory Resource Management in VMware ESX Server},
  year          = 2002,
  month         = dec,
  journal       = {SIGOPS Oper. Syst. Rev.},
  volume        = 36,
  pages         = {181--194},
  url           = {http://doi.acm.org/10.1145/844128.844146},
  issue_date    = {Winter 2002},
  number        = {SI},
  issn          = {0163-5980},
  numpages      = 14
}

@InProceedings{wang-mss04,
  author        = {Feng Wang and Scott A. Brandt and Ethan L. Miller and Darrell D. E. Long},
  title         = {{OBFS}: A File System for Object-based Storage Devices},
  year          = 2004,
  month         = apr,
  booktitle     = {Proceedings of the 21st IEEE / 12th NASA Goddard Conference on Mass Storage Systems and Technologies},
  pages         = {283--300},
  url           = ssrcpapers # {wang-mss04b.pdf},
  organization  = {IEEE}
}

@InProceedings{wang17,
  author        = {Han Wang and Robert Soul\'{e} and Huynh Tu Dang and Ki Suh Lee and Vishal Shrivastav and Nate Foster and Hakim Weatherspoon},
  title         = {{P4FPGA: A Rapid Prototyping Framework for P4}},
  year          = 2017,
  month         = apr,
  booktitle     = sosr17
}

@InProceedings{wang17apus,
  author        = {Wang, Cheng and Jiang, Jianyu and Chen, Xusheng and Yi, Ning and Cui, Heming},
  title         = {APUS: Fast and Scalable Paxos on RDMA},
  year          = 2017,
  booktitle     = {Proceedings of the 2017 Symposium on Cloud Computing},
  pages         = {94--107},
  url           = {http://doi.acm.org/10.1145/3127479.3128609},
  series        = {SoCC '17},
  numpages      = 14
}

@InProceedings{watkins-declstore,
  author        = {Noah Watkins and Michael A. Sevilla and Ivo Jimenez and Kathryn Dahlgren and Peter Alvaro and Shel Finkelstein and Carlos Maltzahn},
  title         = {{DeclStore: Layering Is for the Faint of Heart}},
  booktitle     = {HotStorage 17}
}

@InProceedings{weil-osdi06,
  author        = {Sage A. Weil and Scott A. Brandt and Ethan L. Miller and Darrell D. E. Long and Carlos Maltzahn},
  title         = {{Ceph}: A Scalable, High-Performance Distributed File System},
  year          = 2006,
  month         = nov,
  booktitle     = {Proceedings of the 7th Symposium on Operating Systems Design and Implementation (OSDI '06)},
  url           = ssrcpapers # {weil-osdi06.pdf}
}

@InProceedings{weil-sc06,
  author        = {Sage A. Weil and Scott A. Brandt and Ethan L. Miller and Carlos Maltzahn},
  title         = {{CRUSH}: Controlled, Scalable, Decentralized Placement of Replicated Data},
  year          = 2006,
  month         = nov,
  booktitle     = {Proceedings of the 2006 ACM/IEEE Conference on Supercomputing (SC '06)},
  url           = ssrcpapers # {weil-sc06.pdf}
}

@InProceedings{whittaker-wat,
  author        = {Whittaker, Michael and Teodoropol, Cristina and Alvaro, Peter and Hellerstein, Joseph M.},
  title         = {{Debugging Distributed Systems with Why-Across-Time Provenance}},
  booktitle     = {SoCC â€™18}
}

@InProceedings{wildani-mascots13,
  author        = {Avani Wildani and Ian Adams and Ethan L. Miller},
  title         = {Single-Snapshot File System Analysis},
  year          = 2013,
  month         = aug,
  booktitle     = {Proceedings of the 21st IEEE International Symposium on Modeling, Analysis, and Simulation of Computer and Telecommunication Systems (MASCOTS 2013)}
}

@InProceedings{wildani-mascots14,
  author        = {Avani Wildani and Ethan L. Miller and Ian Adams and Darrell D. E. Long},
  title         = {PERSES: Data Layout for Low Impact Failures},
  year          = 2014,
  month         = sep,
  booktitle     = {22nd IEEE International Symposium on Modeling, Analysis, and Simulation of Computer and Telecommunication Systems (MASCOTS 2014)}
}

@Article{wildani-tos16,
  author        = {Avani Wildani and Ethan L. Miller},
  title         = {Can We Group Storage? Statistical Techniques to Identify Predictive Groupings in Storage System Accesses},
  year          = 2016,
  month         = feb,
  journal       = {ACM Transactions on Storage},
  volume        = 12,
  number        = 2
}

@TechReport{wilson10,
  author        = {Cameron Wilson and Leigh Ann Sudol and Chris Stephenson and Mark Stehlik},
  title         = {Running on empty: The failure to teach K-12 computer science in the digital age},
  year          = 2010,
  url           = {Retrieved from http://runningonempty.acm.org/fullreport2.pdf},
  institution   = {Association for Computing Machinery and Computer Science Teachers Association}
}

@Article{wong2010phase,
  author        = {Wong, H-S Philip and Raoux, Simone and Kim, SangBum and Liang, Jiale and Reifenberg, John P and Rajendran, Bipin and Asheghi, Mehdi and Goodson, Kenneth E},
  title         = {{Phase Change Memory}},
  year          = 2010,
  month         = {Dec},
  journal       = poieee,
  volume        = 98,
  pages         = {2201--2227},
  number        = 12
}

@Article{wuttig2007phase,
  author        = {Wuttig, Matthias and Yamada, Noboru},
  title         = {{Phase-Change Materials for Rewriteable Data Storage}},
  year          = 2007,
  journal       = natm,
  volume        = 6,
  pages         = 824,
  number        = 11
}

@Misc{xeon,
  title         = {{{Intel Xeon Processor E7-8893 v3}}},
  year          = 2019,
  key           = {Intel Xeon Processor E7-8893 v3},
  howpublished  = {{\url{https://ark.intel.com/content/www/us/en/ark/products/84688/intel-xeon-processor-e7-8893-v3-45m-cache-3-20-ghz.html}}}
}

@InProceedings{xin-hpdc04,
  author        = {Qin Xin and Ethan L. Miller and Thomas J. E. Schwarz},
  title         = {Evaluation of Distributed Recovery in Large-Scale Storage Systems},
  year          = 2004,
  month         = jun,
  booktitle     = {Proceedings of the 13th IEEE International Symposium on High Performance Distributed Computing (HPDC '04)},
  pages         = {172--181},
  url           = ssrcpapers # {xin-hpdc04.pdf}
}

@InProceedings{xin-mss03,
  author        = {Qin Xin and Ethan L. Miller and Thomas J.E. Schwarz and Darrell D. E. Long and Scott A. Brandt and Witold Litwin},
  title         = {Reliability Mechanisms for Very Large Storage Systems},
  year          = 2003,
  month         = apr,
  booktitle     = {Proceedings of the 20th IEEE / 11th NASA Goddard Conference on Mass Storage Systems and Technologies},
  pages         = {146--156},
  url           = ssrcpapers # {xin-mss03.pdf}
}

@Misc{xpliant,
  title         = {{XPliant Ethernet Switch Product Family}},
  year          = 2014,
  key           = {xpliant},
  howpublished  = {{\url{www.cavium.com/XPliant-Ethernet-Switch-Product-Family.html}}}
}

@InProceedings{yuta19,
  author        = {Tokusashi, Yuta and Dang, Huynh Tu and Pedone, Fernando and Soul\'{e}, Robert and Zilberman, Noa},
  title         = {The Case For In-Network Computing On Demand},
  year          = 2019,
  booktitle     = {Proceedings of the Fourteenth EuroSys Conference 2019},
  url           = {https://doi.org/10.1145/3302424.3303979},
  articleno     = {Article 21},
  numpages      = 16,
  series        = {EuroSys â€™19}
}

@InProceedings{zhu15,
  author        = {Zhu, Yibo and Eran, Haggai and Firestone, Daniel and Guo, Chuanxiong and Lipshteyn, Marina and Liron, Yehonatan and Padhye, Jitendra and Raindel, Shachar and Yahia, Mohamad Haj and
                  Zhang, Ming},
  title         = {Congestion Control for Large-Scale RDMA Deployments},
  year          = 2015,
  booktitle     = sigcomm15,
  pages         = {523--536},
  url           = {http://doi.acm.org/10.1145/2785956.2787484},
  numpages      = 14
}

@InProceedings{zou10,
  author        = {Qiong Zou and Huayong Wang and Robert Soul{\'{e}} and Martin Hirzel and Henrique Andrade and Bu{\u{g}}ra Gedik and and Kun-Lung Wu},
  title         = {From a Stream of Relational Queries to Distributed Stream Processing},
  year          = 2010,
  month         = sep,
  booktitle     = vldb10,
  pages         = {1394--1405},
  url           = {http://www.comp.nus.edu.sg/~vldb2010/proceedings/files/papers/I02.pdf}
}

@inproceedings {firestone18,
author = {Daniel Firestone and Andrew Putnam and Sambhrama Mundkur and Derek Chiou and Alireza Dabagh and Mike Andrewartha and Hari Angepat and Vivek Bhanu and Adrian Caulfield and Eric Chung and Harish Kumar Chandrappa and Somesh Chaturmohta and Matt Humphrey and Jack Lavier and Norman Lam and Fengfen Liu and Kalin Ovtcharov and Jitu Padhye and Gautham Popuri and Shachar Raindel and Tejas Sapre and Mark Shaw and Gabriel Silva and Madhan Sivakumar and Nisheeth Srivastava and Anshuman Verma and Qasim Zuhair and Deepak Bansal and Doug Burger and Kushagra Vaid and David A. Maltz and Albert Greenberg},
title = {Azure Accelerated Networking: SmartNICs in the Public Cloud},
booktitle = {15th {USENIX} Symposium on Networked Systems Design and Implementation ({NSDI} 18)},
year = {2018},
isbn = {978-1-939133-01-4},
address = {Renton, WA},
pages = {51--66},
url = {https://www.usenix.org/conference/nsdi18/presentation/firestone},
publisher = {{USENIX} Association},
month = apr,
}


@Misc{flexpipe,
  key          = "Intel Ethernet Switch FM6000 Series",
  title        = {{Intel Ethernet Switch FM6000 Series}},
  year = 2013,
  howpublished = "{\url{https://www.intel.com/content/dam/www/public/us/en/documents/product-briefs/ethernet-switch-fm6000-series-brief.pdf}}",
}

@Misc{meyer17,
  key          = "Dan Meyer",
  title        = {{Barefoot Scores Tofino Deals with Alibaba, Baidu, and Tencent}},
  howpublished = "{\url{https://www.sdxcentral.com/articles/news/barefoot-scores-tofino-deals-with-alibaba-baidu-and-tencent/2017/05/}}",
  year = 2017
}

@Misc{santo17,
  key          = "Brian Santo",
  title        = {{AT\&T Picks Barefoot Networks for Programmable Switches}},
  howpublished = "{\url{https://www.sdxcentral.com/articles/news/att-picks-barefoot-networks-programmable-switches/2017/04/}}",
  year = 2017
}

% Barefoot Tofino
@misc{tofino,
author = {Barefoot-Networks},
title = {Barefoot Tofino},
month = jun,
year = {2018},
url = {https://barefootnetworks.com/products/brief-tofino/}
}


@inproceedings{chung17,
        title={Accelerating persistent neural networks at datacenter scale},
        author={Chung, Eric and Fowers, Jeremy and Ovtcharov, Kalin and Papamichael, Michael and Caulfield, Adrian and Massengil, Todd and Liu, Ming and Lo, Daniel and Alkalay, Shlomi and Haselman, Michael and others},
        year={2017},
        booktitle={HOTCHIPS}
}

@inproceedings {arashloo20,
author = {Mina Tahmasbi Arashloo and Alexey Lavrov and Manya Ghobadi and Jennifer Rexford and David Walker and David Wentzlaff},
title = {Enabling Programmable Transport Protocols in High-Speed NICs },
booktitle = {17th {USENIX} Symposium on Networked Systems Design and Implementation ({NSDI} 20)},
year = {2020},
isbn = {978-1-939133-13-7},
address = {Santa Clara, CA},
pages = {93--109},
url = {https://www.usenix.org/conference/nsdi20/presentation/arashloo},
publisher = {{USENIX} Association},
month = feb,
}

@Misc{snapdragon,
  title         = {{Qualcomm Snapdragon}},
  key           = {Qualcomm Snapdragon},
  howpublished  = {{\url{https://telecomtalk.info/wp-content/uploads/2014/04/Qualcomm-Snapdragon-810-Block-Diagram.png}}}
}

@inproceedings {bittman20,
author = {Daniel Bittman and Peter Alvaro and Pankaj Mehra and Darrell D. E. Long and Ethan L. Miller},
title = {Twizzler: a Data-Centric {OS} for Non-Volatile Memory},
booktitle = {2020 {USENIX} Annual Technical Conference ({USENIX} {ATC} 20)},
year = {2020},
isbn = {978-1-939133-14-4},
pages = {65--80},
url = {https://www.usenix.org/conference/atc20/presentation/bittman},
publisher = {{USENIX} Association},
month = jul,
}

 
 @book{HennessyPatterson12,
  address = {Amsterdam},
  author = {Hennessy, John L. and Patterson, David A.},
  biburl = {https://www.bibsonomy.org/bibtex/2d2d024a4ec1fd887aa36482288ca38f9/flint63},
  edition = 5,
  isbn = {978-0-12-383872-8},
  publisher = {Morgan Kaufmann},
  title = {Computer Architecture: A Quantitative Approach},
  year = 2012
}

@inproceedings{smolka15, author = {Smolka, Steffen and Eliopoulos, Spiridon and Foster, Nate and Guha, Arjun}, title = {A Fast Compiler for NetKAT}, year = {2015}, isbn = {9781450336697}, publisher = {Association for Computing Machinery}, address = {New York, NY, USA}, url = {https://doi.org/10.1145/2784731.2784761}, doi = {10.1145/2784731.2784761}, booktitle = {Proceedings of the 20th ACM SIGPLAN International Conference on Functional Programming}, pages = {328â€“341}, numpages = {14}, keywords = {domain-specific languages, NetKAT, Kleene Algebra with tests, Frenetic, virtualization, binary decision diagrams, Software-defined networking}, location = {Vancouver, BC, Canada}, series = {ICFP 2015} }
 
 

%MISC
@Misc{lapukhov16-ila,
  key          = "Lapukhov",
  author      =  "Petr Lapukhov",
  year = 2016,
  title        = {Internet-scale Virtual Networking Using Identifier-Locator Addressing},
  howpublished = "\url{https://www.nanog.org/sites/default/files/20161018_Lapukhov_Internet-Scale_Virtual_Networking_v1.pdf}",
}



@InProceedings{eisenbud16,
 author = {Eisenbud, Daniel E. and Yi, Cheng and Contavalli, Carlo and Smith, Cody and Kononov, Roman and Mann-Hielscher, Eric and Cilingiroglu, Ardas and Cheyney, Bin and Shang, Wentao and Hosein, Jinnah Dylan},
 title = {Maglev: A Fast and Reliable Software Network Load Balancer},
 booktitle = NSDI16,
 year = {2016},
 month = mar,
 isbn = {978-1-931971-29-4},
 xpages = {523--535},
 xnumpages = {13},
 xurl = {http://dl.acm.org/citation.cfm?id=2930611.2930645},
}


@Misc{katran,
  author = 	 {Nikita Shirokov and Ranjeeth Dasineni},
  title = 	 {Open-sourcing {Katran}, a scalable network load balancer --- {Facebook Engineering}},
  howpublished =
  {\url{https://code.fb.com/open-source/open-sourcing-katran-a-scalable-network-load-balancer/}},
  year = 	 2018,
  month = 	 may
}

@Misc{tibco,
  key          = "TIBCO Rendezvous",
  year = 2019,
  title        = {TIBCO Rendezvous},
  howpublished = "{\url{https://www.tibco.com/products/tibco-rendezvous}}",
}


%MISC
@Misc{mq,
  key =		 "IBM MQ",
  title =	 {{IBM MQ}},
  year = 2019,
  howpublished = "\url{https://www-03.ibm.com/software/products/en/ibm-mq}",
}

@InProceedings{kreps11,
  author    = {Kreps, Jay and Narkhede, Neha and Rao, Jun},
  title     = {{Kafka: A distributed messaging system for log processing}},
  booktitle = {Proceedings of The 6th International Workshop on Networking Meets Databases (NetDB'11)},
  month     = jun,
  year      = {2011},
  url       = {https://www.microsoft.com/en-us/research/wp-content/uploads/2017/09/Kafka.pdf},
}


@article{eugster03,
 author = {Eugster, Patrick Th. and Felber, Pascal A. and Guerraoui, Rachid and Kermarrec, Anne-Marie},
 title = {The Many Faces of Publish/Subscribe},
 journal = CSUR,
 issue_date = {June 2003},
 volume = {35},
 number = {2},
 month = jun,
 year = {2003},
 issn = {0360-0300},
 xpages = {114--131},
 xnumpages = {18},
 xurl = {http://doi.acm.org/10.1145/857076.857078},
}


@inproceedings{sherry12,
 author = {Sherry, Justine and Hasan, Shaddi and Scott, Colin and Krishnamurthy, Arvind and Ratnasamy, Sylvia and Sekar, Vyas},
 title = {Making Middleboxes Someone else's Problem: Network Processing As a Cloud Service},
 _booktitle = {Proceedings of the ACM SIGCOMM 2012 Conference on Applications, Technologies, Architectures, and Protocols for Computer Communication},
 booktitle = SIGCOMM12,
 year = {2012},
 month = aug,
 isbn = {978-1-4503-1419-0},
 location = {Helsinki, Finland},
 xpages = {13--24},
 xnumpages = {12},
 xurl = {http://doi.acm.org/10.1145/2342356.2342359},
}

@inproceedings{potharaju13,
 author = {Potharaju, Rahul and Jain, Navendu},
 title = {Demystifying the Dark Side of the Middle: A Field Study of Middlebox Failures in Datacenters},
 booktitle = IMC13,
 year = {2013},
 month = oct,
 xpages = {9--22},
 xnumpages = {14},
 xurl = {http://doi.acm.org/10.1145/2504730.2504737},
} 



@InProceedings{Papalini+:icn14,
  author =	 {Michele Papalini and Antonio Carzaniga and Koorosh
                  Khazaei and Alexander L. Wolf},
  title =	 {Scalable Routing for Tag-Based Information-Centric
                  Networking},
  booktitle =	 ICN14, 
  pages =	 {17--26},
  year =	 2014,
  location =	 {Paris, France},
  month =	 sep
}

@inproceedings{Papalini+:ancs16,
  author =	 {Papalini, Michele and Khazaei, Koorosh and Carzaniga,
                  Antonio and Rogora, Daniele},
  title =	 {High Throughput Forwarding for {ICN} with Descriptors and
                  Locators},
  booktitle =	 ANCS16,
  year =	 {2016},
  location =	 {Santa Clara, California, USA},
  pages =	 {43--54},
}

@inproceedings{Carzaniga:Forwarding:SIGCOMM:2003,
  author =	 {Carzaniga, Antonio and Wolf, Alexander L.},
  title =	 {Forwarding in a Content-based Network},
  booktitle =	 SIGCOMM03,  
  year =	 {2003},
  pages =	 {163--174},
}

@article{ahlgren:SurveyICN:2012,
  author =	 {B. Ahlgren and C. Dannewitz and C. Imbrenda and D. Kutscher
                  and B. Ohlman},
  journal =	 {IEEE Communications Magazine},
  title =	 {A Survey of Information-Centric Networking},
  year =	 {2012},
  volume =	 {50},
  number =	 {7},
  pages =	 {26-36},
}



@article{parnas1972criteria,
  title={On the criteria to be used in decomposing systems into modules},
  author={Parnas, David Lorge},
  journal={Communications of the ACM},
  volume={15},
  number={12},
  pages={1053--1058},
  year={1972},
  publisher={ACm}
}


@Misc{sgiuv30,
  key           = {SGIUV30},
  title         = {SGIUV3000,UV30},
  year          = 2016,
  howpublished  = {{\url{https://www.risc.jku.at/projects/mach2/4555.pdf}}}
}


@Misc{sgiuv3000,
  key           = {SGIUV3000},
  title         = {SGIUV3000 Sets New Throughput Records},
  year          = 2016,
  howpublished  = {{\url{https://www.hpcwire.com/2016/03/25/sgi-posts-new-spec-cpu2006-results/}}}
}
