
@inproceedings{bittman:plos19,
  author    = {Daniel Bittman and Peter Alvaro and Ethan L. Miller},
  title     = {{A} Persistent Problem: Managing Pointers in {NVM}},
  booktitle = {Proceedings of the 10th Workshop on Programming Languages and Operating Systems (PLOS '19)},
  pages     = {30-37},
  month     = oct,
  year      = {2019}
}

@inproceedings {bittman:atc20,
	author = {Daniel Bittman and Peter Alvaro and Pankaj Mehra and Darrell D. E. Long and Ethan L.
		Miller},
	title = {Twizzler: a Data-Centric {OS} for Non-Volatile Memory},
	booktitle = {2020 {USENIX} Annual Technical Conference ({USENIX} {ATC} 20)},
	year = {2020},
	isbn = {978-1-939133-14-4},
	pages = {65--80},
	url = {https://www.usenix.org/conference/atc20/presentation/bittman},
	publisher = {{USENIX} Association},
	month = jul,
}
